%YAML 1.1
%TAG !u! tag:unity3d.com,2011:
--- !u!1 &100064
GameObject:
  m_ObjectHideFlags: 1
  m_PrefabParentObject: {fileID: 0}
  m_PrefabInternal: {fileID: 100100000}
  serializedVersion: 4
  m_Component:
  - 4: {fileID: 460552}
  - 33: {fileID: 3330158}
  - 65: {fileID: 6547874}
  m_Layer: 9
  m_Name: Cube
  m_TagString: Untagged
  m_Icon: {fileID: 0}
  m_NavMeshLayer: 0
  m_StaticEditorFlags: 0
  m_IsActive: 1
--- !u!1 &100248
GameObject:
  m_ObjectHideFlags: 1
  m_PrefabParentObject: {fileID: 0}
  m_PrefabInternal: {fileID: 100100000}
  serializedVersion: 4
  m_Component:
  - 4: {fileID: 468456}
  m_Layer: 0
  m_Name: R_toes
  m_TagString: Untagged
  m_Icon: {fileID: 0}
  m_NavMeshLayer: 0
  m_StaticEditorFlags: 0
  m_IsActive: 1
--- !u!1 &101130
GameObject:
  m_ObjectHideFlags: 1
  m_PrefabParentObject: {fileID: 0}
  m_PrefabInternal: {fileID: 100100000}
  serializedVersion: 4
  m_Component:
  - 4: {fileID: 437918}
  - 108: {fileID: 10875416}
  m_Layer: 0
  m_Name: Point light (2)
  m_TagString: Untagged
  m_Icon: {fileID: 0}
  m_NavMeshLayer: 0
  m_StaticEditorFlags: 0
  m_IsActive: 1
--- !u!1 &101414
GameObject:
  m_ObjectHideFlags: 1
  m_PrefabParentObject: {fileID: 0}
  m_PrefabInternal: {fileID: 100100000}
  serializedVersion: 4
  m_Component:
  - 4: {fileID: 466440}
  m_Layer: 0
  m_Name: head
  m_TagString: Untagged
  m_Icon: {fileID: 0}
  m_NavMeshLayer: 0
  m_StaticEditorFlags: 0
  m_IsActive: 1
--- !u!1 &103694
GameObject:
  m_ObjectHideFlags: 1
  m_PrefabParentObject: {fileID: 0}
  m_PrefabInternal: {fileID: 100100000}
  serializedVersion: 4
  m_Component:
  - 4: {fileID: 445818}
  m_Layer: 0
  m_Name: Joint_2_4
  m_TagString: Untagged
  m_Icon: {fileID: 0}
  m_NavMeshLayer: 0
  m_StaticEditorFlags: 0
  m_IsActive: 1
--- !u!1 &106844
GameObject:
  m_ObjectHideFlags: 1
  m_PrefabParentObject: {fileID: 0}
  m_PrefabInternal: {fileID: 100100000}
  serializedVersion: 4
  m_Component:
  - 4: {fileID: 428290}
  m_Layer: 0
  m_Name: spine
  m_TagString: Untagged
  m_Icon: {fileID: 0}
  m_NavMeshLayer: 0
  m_StaticEditorFlags: 0
  m_IsActive: 1
--- !u!1 &107176
GameObject:
  m_ObjectHideFlags: 1
  m_PrefabParentObject: {fileID: 0}
  m_PrefabInternal: {fileID: 100100000}
  serializedVersion: 4
  m_Component:
  - 4: {fileID: 432956}
  - 33: {fileID: 3353802}
  - 65: {fileID: 6565588}
  m_Layer: 0
  m_Name: Cube
  m_TagString: Untagged
  m_Icon: {fileID: 0}
  m_NavMeshLayer: 0
  m_StaticEditorFlags: 0
  m_IsActive: 1
--- !u!1 &107278
GameObject:
  m_ObjectHideFlags: 1
  m_PrefabParentObject: {fileID: 0}
  m_PrefabInternal: {fileID: 100100000}
  serializedVersion: 4
  m_Component:
  - 224: {fileID: 22443512}
  - 114: {fileID: 11477824}
  m_Layer: 0
  m_Name: Slider
  m_TagString: Untagged
  m_Icon: {fileID: 0}
  m_NavMeshLayer: 0
  m_StaticEditorFlags: 0
  m_IsActive: 1
--- !u!1 &107298
GameObject:
  m_ObjectHideFlags: 1
  m_PrefabParentObject: {fileID: 0}
  m_PrefabInternal: {fileID: 100100000}
  serializedVersion: 4
  m_Component:
  - 4: {fileID: 430808}
  m_Layer: 0
  m_Name: R_foot_2
  m_TagString: Untagged
  m_Icon: {fileID: 0}
  m_NavMeshLayer: 0
  m_StaticEditorFlags: 0
  m_IsActive: 1
--- !u!1 &108494
GameObject:
  m_ObjectHideFlags: 1
  m_PrefabParentObject: {fileID: 0}
  m_PrefabInternal: {fileID: 100100000}
  serializedVersion: 4
  m_Component:
  - 4: {fileID: 440840}
  - 33: {fileID: 3371930}
  - 65: {fileID: 6571078}
  m_Layer: 9
  m_Name: Cube (4)
  m_TagString: Untagged
  m_Icon: {fileID: 0}
  m_NavMeshLayer: 0
  m_StaticEditorFlags: 0
  m_IsActive: 1
--- !u!1 &108698
GameObject:
  m_ObjectHideFlags: 1
  m_PrefabParentObject: {fileID: 0}
  m_PrefabInternal: {fileID: 100100000}
  serializedVersion: 4
  m_Component:
  - 4: {fileID: 491846}
  m_Layer: 0
  m_Name: Joint_5
  m_TagString: Untagged
  m_Icon: {fileID: 0}
  m_NavMeshLayer: 0
  m_StaticEditorFlags: 0
  m_IsActive: 1
--- !u!1 &112624
GameObject:
  m_ObjectHideFlags: 1
  m_PrefabParentObject: {fileID: 0}
  m_PrefabInternal: {fileID: 100100000}
  serializedVersion: 4
  m_Component:
  - 4: {fileID: 488028}
  m_Layer: 0
  m_Name: Joint_4_3
  m_TagString: Untagged
  m_Icon: {fileID: 0}
  m_NavMeshLayer: 0
  m_StaticEditorFlags: 0
  m_IsActive: 1
--- !u!1 &114398
GameObject:
  m_ObjectHideFlags: 1
  m_PrefabParentObject: {fileID: 0}
  m_PrefabInternal: {fileID: 100100000}
  serializedVersion: 4
  m_Component:
  - 4: {fileID: 480996}
  m_Layer: 0
  m_Name: Joint_4
  m_TagString: Untagged
  m_Icon: {fileID: 0}
  m_NavMeshLayer: 0
  m_StaticEditorFlags: 0
  m_IsActive: 1
--- !u!1 &115706
GameObject:
  m_ObjectHideFlags: 1
  m_PrefabParentObject: {fileID: 0}
  m_PrefabInternal: {fileID: 100100000}
  serializedVersion: 4
  m_Component:
  - 4: {fileID: 415292}
  m_Layer: 0
  m_Name: Joint_3
  m_TagString: Untagged
  m_Icon: {fileID: 0}
  m_NavMeshLayer: 0
  m_StaticEditorFlags: 0
  m_IsActive: 1
--- !u!1 &117012
GameObject:
  m_ObjectHideFlags: 1
  m_PrefabParentObject: {fileID: 0}
  m_PrefabInternal: {fileID: 100100000}
  serializedVersion: 4
  m_Component:
  - 4: {fileID: 459348}
  m_Layer: 0
  m_Name: Joint_4_4
  m_TagString: Untagged
  m_Icon: {fileID: 0}
  m_NavMeshLayer: 0
  m_StaticEditorFlags: 0
  m_IsActive: 1
--- !u!1 &119894
GameObject:
  m_ObjectHideFlags: 1
  m_PrefabParentObject: {fileID: 0}
  m_PrefabInternal: {fileID: 100100000}
  serializedVersion: 4
  m_Component:
  - 4: {fileID: 480828}
  m_Layer: 0
  m_Name: Joint_5_2
  m_TagString: Untagged
  m_Icon: {fileID: 0}
  m_NavMeshLayer: 0
  m_StaticEditorFlags: 0
  m_IsActive: 1
--- !u!1 &120424
GameObject:
  m_ObjectHideFlags: 1
  m_PrefabParentObject: {fileID: 0}
  m_PrefabInternal: {fileID: 100100000}
  serializedVersion: 4
  m_Component:
  - 4: {fileID: 464920}
  m_Layer: 0
  m_Name: L_knee
  m_TagString: Untagged
  m_Icon: {fileID: 0}
  m_NavMeshLayer: 0
  m_StaticEditorFlags: 0
  m_IsActive: 1
--- !u!1 &122218
GameObject:
  m_ObjectHideFlags: 1
  m_PrefabParentObject: {fileID: 0}
  m_PrefabInternal: {fileID: 100100000}
  serializedVersion: 4
  m_Component:
  - 4: {fileID: 452156}
  m_Layer: 0
  m_Name: R_hand
  m_TagString: Untagged
  m_Icon: {fileID: 0}
  m_NavMeshLayer: 0
  m_StaticEditorFlags: 0
  m_IsActive: 1
--- !u!1 &123204
GameObject:
  m_ObjectHideFlags: 1
  m_PrefabParentObject: {fileID: 0}
  m_PrefabInternal: {fileID: 100100000}
  serializedVersion: 4
  m_Component:
  - 4: {fileID: 448148}
  m_Layer: 0
  m_Name: Joint_4_2
  m_TagString: Untagged
  m_Icon: {fileID: 0}
  m_NavMeshLayer: 0
  m_StaticEditorFlags: 0
  m_IsActive: 1
--- !u!1 &123440
GameObject:
  m_ObjectHideFlags: 1
  m_PrefabParentObject: {fileID: 0}
  m_PrefabInternal: {fileID: 100100000}
  serializedVersion: 4
  m_Component:
  - 4: {fileID: 453006}
  m_Layer: 0
  m_Name: R_ankle
  m_TagString: Untagged
  m_Icon: {fileID: 0}
  m_NavMeshLayer: 0
  m_StaticEditorFlags: 0
  m_IsActive: 1
--- !u!1 &124270
GameObject:
  m_ObjectHideFlags: 1
  m_PrefabParentObject: {fileID: 0}
  m_PrefabInternal: {fileID: 100100000}
  serializedVersion: 4
  m_Component:
  - 4: {fileID: 442790}
  - 135: {fileID: 13588074}
  - 114: {fileID: 11429672}
  - 114: {fileID: 11402478}
  - 54: {fileID: 5409020}
  m_Layer: 0
  m_Name: head_main
  m_TagString: enemy_big
  m_Icon: {fileID: 0}
  m_NavMeshLayer: 0
  m_StaticEditorFlags: 0
  m_IsActive: 1
--- !u!1 &125888
GameObject:
  m_ObjectHideFlags: 1
  m_PrefabParentObject: {fileID: 0}
  m_PrefabInternal: {fileID: 100100000}
  serializedVersion: 4
  m_Component:
  - 4: {fileID: 437386}
  m_Layer: 0
  m_Name: L_arm
  m_TagString: Untagged
  m_Icon: {fileID: 0}
  m_NavMeshLayer: 0
  m_StaticEditorFlags: 0
  m_IsActive: 1
--- !u!1 &127872
GameObject:
  m_ObjectHideFlags: 1
  m_PrefabParentObject: {fileID: 0}
  m_PrefabInternal: {fileID: 100100000}
  serializedVersion: 4
  m_Component:
  - 4: {fileID: 492576}
  m_Layer: 0
  m_Name: Joint_2_5
  m_TagString: Untagged
  m_Icon: {fileID: 0}
  m_NavMeshLayer: 0
  m_StaticEditorFlags: 0
  m_IsActive: 1
--- !u!1 &130496
GameObject:
  m_ObjectHideFlags: 1
  m_PrefabParentObject: {fileID: 0}
  m_PrefabInternal: {fileID: 100100000}
  serializedVersion: 4
  m_Component:
  - 4: {fileID: 467194}
  m_Layer: 0
  m_Name: Backleg
  m_TagString: Untagged
  m_Icon: {fileID: 0}
  m_NavMeshLayer: 0
  m_StaticEditorFlags: 0
  m_IsActive: 1
--- !u!1 &131520
GameObject:
  m_ObjectHideFlags: 1
  m_PrefabParentObject: {fileID: 0}
  m_PrefabInternal: {fileID: 100100000}
  serializedVersion: 4
  m_Component:
  - 4: {fileID: 495016}
  m_Layer: 0
  m_Name: Joint_3_2
  m_TagString: Untagged
  m_Icon: {fileID: 0}
  m_NavMeshLayer: 0
  m_StaticEditorFlags: 0
  m_IsActive: 1
--- !u!1 &132956
GameObject:
  m_ObjectHideFlags: 1
  m_PrefabParentObject: {fileID: 0}
  m_PrefabInternal: {fileID: 100100000}
  serializedVersion: 4
  m_Component:
  - 4: {fileID: 446002}
  - 33: {fileID: 3375428}
  - 23: {fileID: 2315474}
  m_Layer: 0
  m_Name: lightbeam (2)
  m_TagString: Untagged
  m_Icon: {fileID: 0}
  m_NavMeshLayer: 0
  m_StaticEditorFlags: 0
  m_IsActive: 1
--- !u!1 &133386
GameObject:
  m_ObjectHideFlags: 1
  m_PrefabParentObject: {fileID: 0}
  m_PrefabInternal: {fileID: 100100000}
  serializedVersion: 4
  m_Component:
  - 4: {fileID: 437556}
  m_Layer: 0
  m_Name: BAckfoot
  m_TagString: Untagged
  m_Icon: {fileID: 0}
  m_NavMeshLayer: 0
  m_StaticEditorFlags: 0
  m_IsActive: 1
--- !u!1 &134328
GameObject:
  m_ObjectHideFlags: 1
  m_PrefabParentObject: {fileID: 0}
  m_PrefabInternal: {fileID: 100100000}
  serializedVersion: 4
  m_Component:
  - 4: {fileID: 439248}
  m_Layer: 0
  m_Name: L_toes
  m_TagString: Untagged
  m_Icon: {fileID: 0}
  m_NavMeshLayer: 0
  m_StaticEditorFlags: 0
  m_IsActive: 1
--- !u!1 &134362
GameObject:
  m_ObjectHideFlags: 1
  m_PrefabParentObject: {fileID: 0}
  m_PrefabInternal: {fileID: 100100000}
  serializedVersion: 4
  m_Component:
  - 4: {fileID: 405134}
  m_Layer: 0
  m_Name: spawnpoint
  m_TagString: Untagged
  m_Icon: {fileID: 0}
  m_NavMeshLayer: 0
  m_StaticEditorFlags: 0
  m_IsActive: 1
--- !u!1 &135478
GameObject:
  m_ObjectHideFlags: 1
  m_PrefabParentObject: {fileID: 0}
  m_PrefabInternal: {fileID: 100100000}
  serializedVersion: 4
  m_Component:
  - 4: {fileID: 475140}
  m_Layer: 0
  m_Name: R_wrist
  m_TagString: Untagged
  m_Icon: {fileID: 0}
  m_NavMeshLayer: 0
  m_StaticEditorFlags: 0
  m_IsActive: 1
--- !u!1 &135640
GameObject:
  m_ObjectHideFlags: 1
  m_PrefabParentObject: {fileID: 0}
  m_PrefabInternal: {fileID: 100100000}
  serializedVersion: 4
  m_Component:
  - 4: {fileID: 498264}
  m_Layer: 0
  m_Name: L_foot_2
  m_TagString: Untagged
  m_Icon: {fileID: 0}
  m_NavMeshLayer: 0
  m_StaticEditorFlags: 0
  m_IsActive: 1
--- !u!1 &138966
GameObject:
  m_ObjectHideFlags: 1
  m_PrefabParentObject: {fileID: 0}
  m_PrefabInternal: {fileID: 100100000}
  serializedVersion: 4
  m_Component:
  - 4: {fileID: 422362}
  m_Layer: 0
  m_Name: BAckankle
  m_TagString: Untagged
  m_Icon: {fileID: 0}
  m_NavMeshLayer: 0
  m_StaticEditorFlags: 0
  m_IsActive: 1
--- !u!1 &140324
GameObject:
  m_ObjectHideFlags: 1
  m_PrefabParentObject: {fileID: 0}
  m_PrefabInternal: {fileID: 100100000}
  serializedVersion: 4
  m_Component:
  - 4: {fileID: 415406}
  - 33: {fileID: 3359296}
  - 65: {fileID: 6590450}
  m_Layer: 9
  m_Name: Cube
  m_TagString: Untagged
  m_Icon: {fileID: 0}
  m_NavMeshLayer: 0
  m_StaticEditorFlags: 0
  m_IsActive: 1
--- !u!1 &141228
GameObject:
  m_ObjectHideFlags: 1
  m_PrefabParentObject: {fileID: 0}
  m_PrefabInternal: {fileID: 100100000}
  serializedVersion: 4
  m_Component:
  - 4: {fileID: 400516}
  m_Layer: 0
  m_Name: L_hand
  m_TagString: Untagged
  m_Icon: {fileID: 0}
  m_NavMeshLayer: 0
  m_StaticEditorFlags: 0
  m_IsActive: 1
--- !u!1 &143434
GameObject:
  m_ObjectHideFlags: 0
  m_PrefabParentObject: {fileID: 0}
  m_PrefabInternal: {fileID: 100100000}
  serializedVersion: 4
  m_Component:
  - 4: {fileID: 484486}
  m_Layer: 0
  m_Name: hips
  m_TagString: Untagged
  m_Icon: {fileID: 0}
  m_NavMeshLayer: 0
  m_StaticEditorFlags: 0
  m_IsActive: 1
--- !u!1 &149820
GameObject:
  m_ObjectHideFlags: 1
  m_PrefabParentObject: {fileID: 0}
  m_PrefabInternal: {fileID: 100100000}
  serializedVersion: 4
  m_Component:
  - 4: {fileID: 418256}
  m_Layer: 0
  m_Name: Joint_1
  m_TagString: Untagged
  m_Icon: {fileID: 0}
  m_NavMeshLayer: 0
  m_StaticEditorFlags: 0
  m_IsActive: 1
--- !u!1 &150182
GameObject:
  m_ObjectHideFlags: 1
  m_PrefabParentObject: {fileID: 0}
  m_PrefabInternal: {fileID: 100100000}
  serializedVersion: 4
  m_Component:
  - 4: {fileID: 406438}
  - 33: {fileID: 3335916}
  - 65: {fileID: 6579542}
  m_Layer: 9
  m_Name: Cube (1)
  m_TagString: Untagged
  m_Icon: {fileID: 0}
  m_NavMeshLayer: 0
  m_StaticEditorFlags: 0
  m_IsActive: 1
--- !u!1 &151372
GameObject:
  m_ObjectHideFlags: 1
  m_PrefabParentObject: {fileID: 0}
  m_PrefabInternal: {fileID: 100100000}
  serializedVersion: 4
  m_Component:
  - 4: {fileID: 475198}
  - 33: {fileID: 3342056}
  - 65: {fileID: 6558108}
  m_Layer: 9
  m_Name: Cube
  m_TagString: Untagged
  m_Icon: {fileID: 0}
  m_NavMeshLayer: 0
  m_StaticEditorFlags: 0
  m_IsActive: 1
--- !u!1 &151500
GameObject:
  m_ObjectHideFlags: 1
  m_PrefabParentObject: {fileID: 0}
  m_PrefabInternal: {fileID: 100100000}
  serializedVersion: 4
  m_Component:
  - 4: {fileID: 498758}
  - 33: {fileID: 3309910}
  - 23: {fileID: 2348844}
  m_Layer: 0
  m_Name: lightbeam
  m_TagString: Untagged
  m_Icon: {fileID: 0}
  m_NavMeshLayer: 0
  m_StaticEditorFlags: 0
  m_IsActive: 1
--- !u!1 &151882
GameObject:
  m_ObjectHideFlags: 1
  m_PrefabParentObject: {fileID: 0}
  m_PrefabInternal: {fileID: 100100000}
  serializedVersion: 4
  m_Component:
  - 4: {fileID: 455018}
  - 108: {fileID: 10805250}
  m_Layer: 0
  m_Name: Point light (3)
  m_TagString: Untagged
  m_Icon: {fileID: 0}
  m_NavMeshLayer: 0
  m_StaticEditorFlags: 0
  m_IsActive: 1
--- !u!1 &154706
GameObject:
  m_ObjectHideFlags: 1
  m_PrefabParentObject: {fileID: 0}
  m_PrefabInternal: {fileID: 100100000}
  serializedVersion: 4
  m_Component:
  - 4: {fileID: 446004}
  - 33: {fileID: 3350784}
  - 65: {fileID: 6503106}
  m_Layer: 0
  m_Name: Cube (1)
  m_TagString: Untagged
  m_Icon: {fileID: 0}
  m_NavMeshLayer: 0
  m_StaticEditorFlags: 0
  m_IsActive: 1
--- !u!1 &154980
GameObject:
  m_ObjectHideFlags: 1
  m_PrefabParentObject: {fileID: 0}
  m_PrefabInternal: {fileID: 100100000}
  serializedVersion: 4
  m_Component:
  - 4: {fileID: 468274}
  - 33: {fileID: 3370576}
  - 54: {fileID: 5406478}
  - 65: {fileID: 6516078}
  - 114: {fileID: 11407790}
  m_Layer: 0
  m_Name: dmgLine
  m_TagString: Untagged
  m_Icon: {fileID: 0}
  m_NavMeshLayer: 0
  m_StaticEditorFlags: 0
  m_IsActive: 1
--- !u!1 &156594
GameObject:
  m_ObjectHideFlags: 1
  m_PrefabParentObject: {fileID: 0}
  m_PrefabInternal: {fileID: 100100000}
  serializedVersion: 4
  m_Component:
  - 4: {fileID: 465792}
  m_Layer: 0
  m_Name: Joint_1_5
  m_TagString: Untagged
  m_Icon: {fileID: 0}
  m_NavMeshLayer: 0
  m_StaticEditorFlags: 0
  m_IsActive: 1
--- !u!1 &157008
GameObject:
  m_ObjectHideFlags: 1
  m_PrefabParentObject: {fileID: 0}
  m_PrefabInternal: {fileID: 100100000}
  serializedVersion: 4
  m_Component:
  - 4: {fileID: 474232}
  m_Layer: 0
  m_Name: Joint_7
  m_TagString: Untagged
  m_Icon: {fileID: 0}
  m_NavMeshLayer: 0
  m_StaticEditorFlags: 0
  m_IsActive: 1
--- !u!1 &157110
GameObject:
  m_ObjectHideFlags: 1
  m_PrefabParentObject: {fileID: 0}
  m_PrefabInternal: {fileID: 100100000}
  serializedVersion: 4
  m_Component:
  - 4: {fileID: 450156}
  - 33: {fileID: 3311782}
  - 65: {fileID: 6547824}
  m_Layer: 9
  m_Name: Cube (1)
  m_TagString: Untagged
  m_Icon: {fileID: 0}
  m_NavMeshLayer: 0
  m_StaticEditorFlags: 0
  m_IsActive: 1
--- !u!1 &158678
GameObject:
  m_ObjectHideFlags: 1
  m_PrefabParentObject: {fileID: 0}
  m_PrefabInternal: {fileID: 100100000}
  serializedVersion: 4
  m_Component:
  - 4: {fileID: 418286}
  - 33: {fileID: 3369274}
  - 65: {fileID: 6583828}
  m_Layer: 9
  m_Name: Cube
  m_TagString: Untagged
  m_Icon: {fileID: 0}
  m_NavMeshLayer: 0
  m_StaticEditorFlags: 0
  m_IsActive: 1
--- !u!1 &161334
GameObject:
  m_ObjectHideFlags: 1
  m_PrefabParentObject: {fileID: 0}
  m_PrefabInternal: {fileID: 100100000}
  serializedVersion: 4
  m_Component:
  - 4: {fileID: 486784}
  - 33: {fileID: 3321814}
  - 65: {fileID: 6511186}
  m_Layer: 9
  m_Name: Cube (2)
  m_TagString: Untagged
  m_Icon: {fileID: 0}
  m_NavMeshLayer: 0
  m_StaticEditorFlags: 0
  m_IsActive: 1
--- !u!1 &161508
GameObject:
  m_ObjectHideFlags: 1
  m_PrefabParentObject: {fileID: 0}
  m_PrefabInternal: {fileID: 100100000}
  serializedVersion: 4
  m_Component:
  - 4: {fileID: 451928}
  - 33: {fileID: 3331908}
  - 65: {fileID: 6585012}
  m_Layer: 9
  m_Name: Cube
  m_TagString: Untagged
  m_Icon: {fileID: 0}
  m_NavMeshLayer: 0
  m_StaticEditorFlags: 0
  m_IsActive: 1
--- !u!1 &165290
GameObject:
  m_ObjectHideFlags: 1
  m_PrefabParentObject: {fileID: 0}
  m_PrefabInternal: {fileID: 100100000}
  serializedVersion: 4
  m_Component:
  - 4: {fileID: 405276}
  - 33: {fileID: 3356320}
  - 23: {fileID: 2335038}
  m_Layer: 0
  m_Name: lightbeam (1)
  m_TagString: Untagged
  m_Icon: {fileID: 0}
  m_NavMeshLayer: 0
  m_StaticEditorFlags: 0
  m_IsActive: 1
--- !u!1 &166006
GameObject:
  m_ObjectHideFlags: 1
  m_PrefabParentObject: {fileID: 0}
  m_PrefabInternal: {fileID: 100100000}
  serializedVersion: 4
  m_Component:
  - 4: {fileID: 439536}
  - 33: {fileID: 3372126}
  - 65: {fileID: 6506882}
  m_Layer: 0
  m_Name: Cube (1)
  m_TagString: Untagged
  m_Icon: {fileID: 0}
  m_NavMeshLayer: 0
  m_StaticEditorFlags: 0
  m_IsActive: 1
--- !u!1 &167630
GameObject:
  m_ObjectHideFlags: 1
  m_PrefabParentObject: {fileID: 0}
  m_PrefabInternal: {fileID: 100100000}
  serializedVersion: 4
  m_Component:
  - 4: {fileID: 458906}
  - 108: {fileID: 10877278}
  m_Layer: 0
  m_Name: Point light (1)
  m_TagString: Untagged
  m_Icon: {fileID: 0}
  m_NavMeshLayer: 0
  m_StaticEditorFlags: 0
  m_IsActive: 1
--- !u!1 &168092
GameObject:
  m_ObjectHideFlags: 1
  m_PrefabParentObject: {fileID: 0}
  m_PrefabInternal: {fileID: 100100000}
  serializedVersion: 4
  m_Component:
  - 4: {fileID: 476052}
  - 33: {fileID: 3351648}
  - 65: {fileID: 6572820}
  m_Layer: 9
  m_Name: Cube (5)
  m_TagString: Untagged
  m_Icon: {fileID: 0}
  m_NavMeshLayer: 0
  m_StaticEditorFlags: 0
  m_IsActive: 1
--- !u!1 &168580
GameObject:
  m_ObjectHideFlags: 1
  m_PrefabParentObject: {fileID: 0}
  m_PrefabInternal: {fileID: 100100000}
  serializedVersion: 4
  m_Component:
  - 4: {fileID: 492230}
  m_Layer: 0
  m_Name: R_arm
  m_TagString: Untagged
  m_Icon: {fileID: 0}
  m_NavMeshLayer: 0
  m_StaticEditorFlags: 0
  m_IsActive: 1
--- !u!1 &170094
GameObject:
  m_ObjectHideFlags: 1
  m_PrefabParentObject: {fileID: 0}
  m_PrefabInternal: {fileID: 100100000}
  serializedVersion: 4
  m_Component:
  - 4: {fileID: 438350}
  m_Layer: 0
  m_Name: L_leg
  m_TagString: Untagged
  m_Icon: {fileID: 0}
  m_NavMeshLayer: 0
  m_StaticEditorFlags: 0
  m_IsActive: 1
--- !u!1 &171246
GameObject:
  m_ObjectHideFlags: 1
  m_PrefabParentObject: {fileID: 0}
  m_PrefabInternal: {fileID: 100100000}
  serializedVersion: 4
  m_Component:
  - 4: {fileID: 445604}
  m_Layer: 0
  m_Name: Joint_3_3
  m_TagString: Untagged
  m_Icon: {fileID: 0}
  m_NavMeshLayer: 0
  m_StaticEditorFlags: 0
  m_IsActive: 1
--- !u!1 &173050
GameObject:
  m_ObjectHideFlags: 1
  m_PrefabParentObject: {fileID: 0}
  m_PrefabInternal: {fileID: 100100000}
  serializedVersion: 4
  m_Component:
  - 4: {fileID: 437936}
  - 33: {fileID: 3334918}
  - 65: {fileID: 6541104}
  m_Layer: 9
  m_Name: Cube (1)
  m_TagString: Untagged
  m_Icon: {fileID: 0}
  m_NavMeshLayer: 0
  m_StaticEditorFlags: 0
  m_IsActive: 1
--- !u!1 &173584
GameObject:
  m_ObjectHideFlags: 0
  m_PrefabParentObject: {fileID: 0}
  m_PrefabInternal: {fileID: 100100000}
  serializedVersion: 4
  m_Component:
  - 4: {fileID: 451682}
  - 95: {fileID: 9547774}
  - 54: {fileID: 5488192}
  - 114: {fileID: 11472906}
  - 82: {fileID: 8249890}
  - 114: {fileID: 11464466}
  - 114: {fileID: 11498014}
  m_Layer: 0
  m_Name: tripod
  m_TagString: Untagged
  m_Icon: {fileID: 0}
  m_NavMeshLayer: 0
  m_StaticEditorFlags: 0
  m_IsActive: 1
--- !u!1 &173684
GameObject:
  m_ObjectHideFlags: 1
  m_PrefabParentObject: {fileID: 0}
  m_PrefabInternal: {fileID: 100100000}
  serializedVersion: 4
  m_Component:
  - 4: {fileID: 476250}
  - 33: {fileID: 3336670}
  - 65: {fileID: 6577866}
  m_Layer: 9
  m_Name: Cube (3)
  m_TagString: Untagged
  m_Icon: {fileID: 0}
  m_NavMeshLayer: 0
  m_StaticEditorFlags: 0
  m_IsActive: 1
--- !u!1 &174812
GameObject:
  m_ObjectHideFlags: 1
  m_PrefabParentObject: {fileID: 0}
  m_PrefabInternal: {fileID: 100100000}
  serializedVersion: 4
  m_Component:
  - 4: {fileID: 440894}
  m_Layer: 0
  m_Name: L_wrist
  m_TagString: Untagged
  m_Icon: {fileID: 0}
  m_NavMeshLayer: 0
  m_StaticEditorFlags: 0
  m_IsActive: 1
--- !u!1 &175620
GameObject:
  m_ObjectHideFlags: 1
  m_PrefabParentObject: {fileID: 0}
  m_PrefabInternal: {fileID: 100100000}
  serializedVersion: 4
  m_Component:
  - 4: {fileID: 439518}
  m_Layer: 0
  m_Name: Joint_5_3
  m_TagString: Untagged
  m_Icon: {fileID: 0}
  m_NavMeshLayer: 0
  m_StaticEditorFlags: 0
  m_IsActive: 1
--- !u!1 &176334
GameObject:
  m_ObjectHideFlags: 1
  m_PrefabParentObject: {fileID: 0}
  m_PrefabInternal: {fileID: 100100000}
  serializedVersion: 4
  m_Component:
  - 4: {fileID: 425568}
  - 33: {fileID: 3395764}
  - 65: {fileID: 6563970}
  m_Layer: 9
  m_Name: Cube (1)
  m_TagString: Untagged
  m_Icon: {fileID: 0}
  m_NavMeshLayer: 0
  m_StaticEditorFlags: 0
  m_IsActive: 1
--- !u!1 &176680
GameObject:
  m_ObjectHideFlags: 1
  m_PrefabParentObject: {fileID: 0}
  m_PrefabInternal: {fileID: 100100000}
  serializedVersion: 4
  m_Component:
  - 4: {fileID: 435336}
  m_Layer: 0
  m_Name: L_ankle
  m_TagString: Untagged
  m_Icon: {fileID: 0}
  m_NavMeshLayer: 0
  m_StaticEditorFlags: 0
  m_IsActive: 1
--- !u!1 &178172
GameObject:
  m_ObjectHideFlags: 1
  m_PrefabParentObject: {fileID: 0}
  m_PrefabInternal: {fileID: 100100000}
  serializedVersion: 4
  m_Component:
  - 4: {fileID: 470054}
  m_Layer: 0
  m_Name: Joint_2_3
  m_TagString: Untagged
  m_Icon: {fileID: 0}
  m_NavMeshLayer: 0
  m_StaticEditorFlags: 0
  m_IsActive: 1
--- !u!1 &178770
GameObject:
  m_ObjectHideFlags: 1
  m_PrefabParentObject: {fileID: 0}
  m_PrefabInternal: {fileID: 100100000}
  serializedVersion: 4
  m_Component:
  - 4: {fileID: 407698}
  m_Layer: 0
  m_Name: Joint_5_4
  m_TagString: Untagged
  m_Icon: {fileID: 0}
  m_NavMeshLayer: 0
  m_StaticEditorFlags: 0
  m_IsActive: 1
--- !u!1 &179210
GameObject:
  m_ObjectHideFlags: 1
  m_PrefabParentObject: {fileID: 0}
  m_PrefabInternal: {fileID: 100100000}
  serializedVersion: 4
  m_Component:
  - 4: {fileID: 465038}
  - 114: {fileID: 11414762}
  - 114: {fileID: 11464634}
  m_Layer: 0
  m_Name: tracker
  m_TagString: Untagged
  m_Icon: {fileID: 0}
  m_NavMeshLayer: 0
  m_StaticEditorFlags: 0
  m_IsActive: 1
--- !u!1 &182570
GameObject:
  m_ObjectHideFlags: 1
  m_PrefabParentObject: {fileID: 0}
  m_PrefabInternal: {fileID: 100100000}
  serializedVersion: 4
  m_Component:
  - 4: {fileID: 484564}
  m_Layer: 0
  m_Name: Joint_2_2
  m_TagString: Untagged
  m_Icon: {fileID: 0}
  m_NavMeshLayer: 0
  m_StaticEditorFlags: 0
  m_IsActive: 1
--- !u!1 &182720
GameObject:
  m_ObjectHideFlags: 1
  m_PrefabParentObject: {fileID: 0}
  m_PrefabInternal: {fileID: 100100000}
  serializedVersion: 4
  m_Component:
  - 4: {fileID: 446612}
  - 33: {fileID: 3343842}
  - 65: {fileID: 6512542}
  m_Layer: 9
  m_Name: Cube (1)
  m_TagString: Untagged
  m_Icon: {fileID: 0}
  m_NavMeshLayer: 0
  m_StaticEditorFlags: 0
  m_IsActive: 1
--- !u!1 &184948
GameObject:
  m_ObjectHideFlags: 1
  m_PrefabParentObject: {fileID: 0}
  m_PrefabInternal: {fileID: 100100000}
  serializedVersion: 4
  m_Component:
  - 224: {fileID: 22470142}
  m_Layer: 0
  m_Name: Fill Area
  m_TagString: Untagged
  m_Icon: {fileID: 0}
  m_NavMeshLayer: 0
  m_StaticEditorFlags: 0
  m_IsActive: 1
--- !u!1 &185870
GameObject:
  m_ObjectHideFlags: 1
  m_PrefabParentObject: {fileID: 0}
  m_PrefabInternal: {fileID: 100100000}
  serializedVersion: 4
  m_Component:
  - 4: {fileID: 412306}
  m_Layer: 0
  m_Name: Joint_1_3
  m_TagString: Untagged
  m_Icon: {fileID: 0}
  m_NavMeshLayer: 0
  m_StaticEditorFlags: 0
  m_IsActive: 1
--- !u!1 &187348
GameObject:
  m_ObjectHideFlags: 1
  m_PrefabParentObject: {fileID: 0}
  m_PrefabInternal: {fileID: 100100000}
  serializedVersion: 4
  m_Component:
  - 224: {fileID: 22424278}
  - 222: {fileID: 22281142}
  - 114: {fileID: 11455578}
  m_Layer: 0
  m_Name: Background
  m_TagString: Untagged
  m_Icon: {fileID: 0}
  m_NavMeshLayer: 0
  m_StaticEditorFlags: 0
  m_IsActive: 1
--- !u!1 &188130
GameObject:
  m_ObjectHideFlags: 1
  m_PrefabParentObject: {fileID: 0}
  m_PrefabInternal: {fileID: 100100000}
  serializedVersion: 4
  m_Component:
  - 4: {fileID: 471664}
  - 33: {fileID: 3387654}
  - 65: {fileID: 6526064}
  m_Layer: 9
  m_Name: Cube (1)
  m_TagString: Untagged
  m_Icon: {fileID: 0}
  m_NavMeshLayer: 0
  m_StaticEditorFlags: 0
  m_IsActive: 1
--- !u!1 &190904
GameObject:
  m_ObjectHideFlags: 1
  m_PrefabParentObject: {fileID: 0}
  m_PrefabInternal: {fileID: 100100000}
  serializedVersion: 4
  m_Component:
  - 4: {fileID: 451146}
  m_Layer: 0
  m_Name: BAcktoes
  m_TagString: Untagged
  m_Icon: {fileID: 0}
  m_NavMeshLayer: 0
  m_StaticEditorFlags: 0
  m_IsActive: 1
--- !u!1 &191180
GameObject:
  m_ObjectHideFlags: 1
  m_PrefabParentObject: {fileID: 0}
  m_PrefabInternal: {fileID: 100100000}
  serializedVersion: 4
  m_Component:
  - 224: {fileID: 22476386}
  - 222: {fileID: 22223956}
  - 114: {fileID: 11443980}
  m_Layer: 0
  m_Name: Fill
  m_TagString: Untagged
  m_Icon: {fileID: 0}
  m_NavMeshLayer: 0
  m_StaticEditorFlags: 0
  m_IsActive: 1
--- !u!1 &191196
GameObject:
  m_ObjectHideFlags: 1
  m_PrefabParentObject: {fileID: 0}
  m_PrefabInternal: {fileID: 100100000}
  serializedVersion: 4
  m_Component:
  - 4: {fileID: 436698}
  m_Layer: 0
  m_Name: Joint_7_2
  m_TagString: Untagged
  m_Icon: {fileID: 0}
  m_NavMeshLayer: 0
  m_StaticEditorFlags: 0
  m_IsActive: 1
--- !u!1 &191224
GameObject:
  m_ObjectHideFlags: 0
  m_PrefabParentObject: {fileID: 0}
  m_PrefabInternal: {fileID: 100100000}
  serializedVersion: 4
  m_Component:
  - 4: {fileID: 489748}
  - 137: {fileID: 13708684}
  m_Layer: 0
  m_Name: mesh
  m_TagString: Untagged
  m_Icon: {fileID: 0}
  m_NavMeshLayer: 0
  m_StaticEditorFlags: 0
  m_IsActive: 1
--- !u!1 &193812
GameObject:
  m_ObjectHideFlags: 1
  m_PrefabParentObject: {fileID: 0}
  m_PrefabInternal: {fileID: 100100000}
  serializedVersion: 4
  m_Component:
  - 4: {fileID: 452322}
  m_Layer: 0
  m_Name: Joint_1_2
  m_TagString: Untagged
  m_Icon: {fileID: 0}
  m_NavMeshLayer: 0
  m_StaticEditorFlags: 0
  m_IsActive: 1
--- !u!1 &195488
GameObject:
  m_ObjectHideFlags: 1
  m_PrefabParentObject: {fileID: 0}
  m_PrefabInternal: {fileID: 100100000}
  serializedVersion: 4
  m_Component:
  - 4: {fileID: 446574}
  m_Layer: 0
  m_Name: Joint_1_4
  m_TagString: Untagged
  m_Icon: {fileID: 0}
  m_NavMeshLayer: 0
  m_StaticEditorFlags: 0
  m_IsActive: 1
--- !u!1 &195544
GameObject:
  m_ObjectHideFlags: 1
  m_PrefabParentObject: {fileID: 0}
  m_PrefabInternal: {fileID: 100100000}
  serializedVersion: 4
  m_Component:
  - 4: {fileID: 456994}
  m_Layer: 0
  m_Name: Joint_2
  m_TagString: Untagged
  m_Icon: {fileID: 0}
  m_NavMeshLayer: 0
  m_StaticEditorFlags: 0
  m_IsActive: 1
--- !u!1 &196810
GameObject:
  m_ObjectHideFlags: 1
  m_PrefabParentObject: {fileID: 0}
  m_PrefabInternal: {fileID: 100100000}
  serializedVersion: 4
  m_Component:
  - 4: {fileID: 497714}
  m_Layer: 0
  m_Name: R_knee
  m_TagString: Untagged
  m_Icon: {fileID: 0}
  m_NavMeshLayer: 0
  m_StaticEditorFlags: 0
  m_IsActive: 1
--- !u!1 &196882
GameObject:
  m_ObjectHideFlags: 1
  m_PrefabParentObject: {fileID: 0}
  m_PrefabInternal: {fileID: 100100000}
  serializedVersion: 4
  m_Component:
  - 224: {fileID: 22490292}
  - 223: {fileID: 22353128}
  - 114: {fileID: 11408942}
  - 114: {fileID: 11462740}
  - 114: {fileID: 11427010}
  m_Layer: 0
  m_Name: Canvas_hp
  m_TagString: Untagged
  m_Icon: {fileID: 0}
  m_NavMeshLayer: 0
  m_StaticEditorFlags: 0
  m_IsActive: 1
--- !u!1 &197878
GameObject:
  m_ObjectHideFlags: 1
  m_PrefabParentObject: {fileID: 0}
  m_PrefabInternal: {fileID: 100100000}
  serializedVersion: 4
  m_Component:
  - 4: {fileID: 459716}
  - 33: {fileID: 3346100}
  - 65: {fileID: 6593124}
  m_Layer: 9
  m_Name: Cube
  m_TagString: Untagged
  m_Icon: {fileID: 0}
  m_NavMeshLayer: 0
  m_StaticEditorFlags: 0
  m_IsActive: 1
--- !u!1 &199830
GameObject:
  m_ObjectHideFlags: 1
  m_PrefabParentObject: {fileID: 0}
  m_PrefabInternal: {fileID: 100100000}
  serializedVersion: 4
  m_Component:
  - 4: {fileID: 414354}
  m_Layer: 0
  m_Name: R_leg
  m_TagString: Untagged
  m_Icon: {fileID: 0}
  m_NavMeshLayer: 0
  m_StaticEditorFlags: 0
  m_IsActive: 1
--- !u!4 &400516
Transform:
  m_ObjectHideFlags: 1
  m_PrefabParentObject: {fileID: 0}
  m_PrefabInternal: {fileID: 100100000}
  m_GameObject: {fileID: 141228}
  m_LocalRotation: {x: 0.010956794, y: -0.0043369234, z: 0.000047522073, w: 0.99993056}
  m_LocalPosition: {x: 0.003305044, y: 0.008351017, z: -0.38100195}
  m_LocalScale: {x: 1, y: 1, z: 1}
  m_Children: []
  m_Father: {fileID: 440894}
  m_RootOrder: 0
--- !u!4 &405134
Transform:
  m_ObjectHideFlags: 1
  m_PrefabParentObject: {fileID: 0}
  m_PrefabInternal: {fileID: 100100000}
  m_GameObject: {fileID: 134362}
  m_LocalRotation: {x: -0.000000115202326, y: 0.7071067, z: -0.7071068, w: -0.00000011520231}
  m_LocalPosition: {x: 0, y: -6.5, z: 1.05}
  m_LocalScale: {x: 1, y: 1, z: 1}
  m_Children:
  - {fileID: 468274}
  m_Father: {fileID: 466440}
  m_RootOrder: 5
--- !u!4 &405276
Transform:
  m_ObjectHideFlags: 1
  m_PrefabParentObject: {fileID: 0}
  m_PrefabInternal: {fileID: 100100000}
  m_GameObject: {fileID: 165290}
  m_LocalRotation: {x: -0.32458612, y: 0.009456636, z: 0.21262564, w: 0.9215991}
  m_LocalPosition: {x: 1.64, y: -2.48, z: -0.25}
  m_LocalScale: {x: 10.86656, y: 10.866554, z: 10.866559}
  m_Children:
  - {fileID: 455018}
  m_Father: {fileID: 466440}
  m_RootOrder: 4
--- !u!4 &406438
Transform:
  m_ObjectHideFlags: 1
  m_PrefabParentObject: {fileID: 0}
  m_PrefabInternal: {fileID: 100100000}
  m_GameObject: {fileID: 150182}
  m_LocalRotation: {x: -0.066382915, y: 0.0069542667, z: -0.8933691, w: 0.44433838}
  m_LocalPosition: {x: -0, y: 0.03, z: -0.57}
  m_LocalScale: {x: 0.41316825, y: 0.45717427, z: 1.4252048}
  m_Children: []
  m_Father: {fileID: 453006}
  m_RootOrder: 1
--- !u!4 &407698
Transform:
  m_ObjectHideFlags: 1
  m_PrefabParentObject: {fileID: 0}
  m_PrefabInternal: {fileID: 100100000}
  m_GameObject: {fileID: 178770}
  m_LocalRotation: {x: 0.49126485, y: -0.30047315, z: -0.31025833, w: 0.7563825}
  m_LocalPosition: {x: 3.410605e-15, y: 2.2737367e-15, z: -0.41116863}
  m_LocalScale: {x: 1, y: 1, z: 1}
  m_Children:
  - {fileID: 475140}
  m_Father: {fileID: 459348}
  m_RootOrder: 0
--- !u!4 &412306
Transform:
  m_ObjectHideFlags: 1
  m_PrefabParentObject: {fileID: 0}
  m_PrefabInternal: {fileID: 100100000}
  m_GameObject: {fileID: 185870}
  m_LocalRotation: {x: -0.23278065, y: -3.3741388e-18, z: -8.076201e-19, w: 0.9725293}
  m_LocalPosition: {x: 2.6645352e-17, y: -2.2737367e-15, z: -4.360862}
  m_LocalScale: {x: 1, y: 1, z: 1}
  m_Children:
  - {fileID: 470054}
  m_Father: {fileID: 467194}
  m_RootOrder: 0
--- !u!4 &414354
Transform:
  m_ObjectHideFlags: 1
  m_PrefabParentObject: {fileID: 0}
  m_PrefabInternal: {fileID: 100100000}
  m_GameObject: {fileID: 199830}
  m_LocalRotation: {x: 0.3000588, y: 0.9063442, z: 0.024263931, w: 0.29650688}
  m_LocalPosition: {x: -1.1273168, y: -0.3338899, z: 0.3633488}
  m_LocalScale: {x: 1, y: 1, z: 1}
  m_Children:
  - {fileID: 452322}
  m_Father: {fileID: 484486}
  m_RootOrder: 2
--- !u!4 &415292
Transform:
  m_ObjectHideFlags: 1
  m_PrefabParentObject: {fileID: 0}
  m_PrefabInternal: {fileID: 100100000}
  m_GameObject: {fileID: 115706}
  m_LocalRotation: {x: -0.0503699, y: 5.307331e-10, z: 0.000000010523337, w: 0.99873066}
  m_LocalPosition: {x: -2.6645352e-17, y: -1.1368684e-15, z: -3.5598612}
  m_LocalScale: {x: 1, y: 1, z: 1}
  m_Children:
  - {fileID: 422362}
  - {fileID: 476250}
  m_Father: {fileID: 470054}
  m_RootOrder: 0
--- !u!4 &415406
Transform:
  m_ObjectHideFlags: 1
  m_PrefabParentObject: {fileID: 0}
  m_PrefabInternal: {fileID: 100100000}
  m_GameObject: {fileID: 140324}
  m_LocalRotation: {x: 0, y: 0, z: 0, w: 1}
  m_LocalPosition: {x: 0, y: -0, z: -0.478}
  m_LocalScale: {x: 0.37516093, y: 0.55011666, z: 1.7901218}
  m_Children: []
  m_Father: {fileID: 474232}
  m_RootOrder: 1
--- !u!4 &418256
Transform:
  m_ObjectHideFlags: 1
  m_PrefabParentObject: {fileID: 0}
  m_PrefabInternal: {fileID: 100100000}
  m_GameObject: {fileID: 149820}
  m_LocalRotation: {x: 0.069436505, y: -0.18790282, z: 0.0075332643, w: 0.97970116}
  m_LocalPosition: {x: -1.1368684e-15, y: 2.2737367e-15, z: -0.95862615}
  m_LocalScale: {x: 1, y: 1, z: 1}
  m_Children:
  - {fileID: 456994}
  - {fileID: 459716}
  m_Father: {fileID: 438350}
  m_RootOrder: 0
--- !u!4 &418286
Transform:
  m_ObjectHideFlags: 1
  m_PrefabParentObject: {fileID: 0}
  m_PrefabInternal: {fileID: 100100000}
  m_GameObject: {fileID: 158678}
  m_LocalRotation: {x: -0.23081666, y: -0.32823622, z: -0.08892934, w: 0.91163385}
  m_LocalPosition: {x: -0.44, y: 0.07, z: -0.45}
  m_LocalScale: {x: 1, y: 0.4850234, z: 0.36767274}
  m_Children: []
  m_Father: {fileID: 491846}
  m_RootOrder: 1
--- !u!4 &422362
Transform:
  m_ObjectHideFlags: 1
  m_PrefabParentObject: {fileID: 0}
  m_PrefabInternal: {fileID: 100100000}
  m_GameObject: {fileID: 138966}
  m_LocalRotation: {x: -0.09375428, y: 0.007804088, z: 0.0005569678, w: 0.99556464}
  m_LocalPosition: {x: -8.881784e-18, y: -1.1368684e-15, z: -2.64671}
  m_LocalScale: {x: 1, y: 1, z: 1}
  m_Children:
  - {fileID: 437556}
  - {fileID: 486784}
  m_Father: {fileID: 415292}
  m_RootOrder: 0
--- !u!4 &425568
Transform:
  m_ObjectHideFlags: 1
  m_PrefabParentObject: {fileID: 0}
  m_PrefabInternal: {fileID: 100100000}
  m_GameObject: {fileID: 176334}
  m_LocalRotation: {x: -0.45878085, y: -0.31950086, z: -0.801896, w: 0.21071833}
  m_LocalPosition: {x: 0.69, y: 0.08, z: -0.89}
  m_LocalScale: {x: 2.718615, y: 0.48502296, z: 0.3676724}
  m_Children: []
  m_Father: {fileID: 448148}
  m_RootOrder: 1
--- !u!4 &428290
Transform:
  m_ObjectHideFlags: 1
  m_PrefabParentObject: {fileID: 0}
  m_PrefabInternal: {fileID: 100100000}
  m_GameObject: {fileID: 106844}
  m_LocalRotation: {x: 0.11658264, y: 0.0011279753, z: -0.009608896, w: 0.9931339}
  m_LocalPosition: {x: 3.5527136e-17, y: 5.684342e-13, z: -0.7948442}
  m_LocalScale: {x: 1, y: 1, z: 1}
  m_Children:
  - {fileID: 442790}
  m_Father: {fileID: 484486}
  m_RootOrder: 3
--- !u!4 &430808
Transform:
  m_ObjectHideFlags: 1
  m_PrefabParentObject: {fileID: 0}
  m_PrefabInternal: {fileID: 100100000}
  m_GameObject: {fileID: 107298}
  m_LocalRotation: {x: 0.1140232, y: -0.026677292, z: 0.0263758, w: 0.99276954}
  m_LocalPosition: {x: 0.0252593, y: -0.11174932, z: -1.5926751}
  m_LocalScale: {x: 1, y: 1, z: 1}
  m_Children:
  - {fileID: 468456}
  - {fileID: 439536}
  m_Father: {fileID: 436698}
  m_RootOrder: 0
--- !u!4 &432956
Transform:
  m_ObjectHideFlags: 1
  m_PrefabParentObject: {fileID: 0}
  m_PrefabInternal: {fileID: 100100000}
  m_GameObject: {fileID: 107176}
  m_LocalRotation: {x: -0.070526026, y: 0.01717292, z: 0.012799256, w: 0.99728}
  m_LocalPosition: {x: -0.00000885129, y: 0.030062705, z: -0.8100053}
  m_LocalScale: {x: 0.48587716, y: 0.43129593, z: 2.1426947}
  m_Children: []
  m_Father: {fileID: 498264}
  m_RootOrder: 1
--- !u!4 &435336
Transform:
  m_ObjectHideFlags: 1
  m_PrefabParentObject: {fileID: 0}
  m_PrefabInternal: {fileID: 100100000}
  m_GameObject: {fileID: 176680}
  m_LocalRotation: {x: -0.06109822, y: 0.5089811, z: -0.046742357, w: 0.85733336}
  m_LocalPosition: {x: -1.4858955, y: 0.16463038, z: -1.2326583}
  m_LocalScale: {x: 1, y: 1, z: 1}
  m_Children:
  - {fileID: 474232}
  - {fileID: 475198}
  m_Father: {fileID: 491846}
  m_RootOrder: 0
--- !u!4 &436698
Transform:
  m_ObjectHideFlags: 1
  m_PrefabParentObject: {fileID: 0}
  m_PrefabInternal: {fileID: 100100000}
  m_GameObject: {fileID: 191196}
  m_LocalRotation: {x: -0.070378125, y: 0.16478296, z: -0.018686067, w: 0.98363835}
  m_LocalPosition: {x: -3.410605e-15, y: -4.5474734e-15, z: -1.5934756}
  m_LocalScale: {x: 1, y: 1, z: 1}
  m_Children:
  - {fileID: 430808}
  - {fileID: 437936}
  m_Father: {fileID: 453006}
  m_RootOrder: 0
--- !u!4 &437386
Transform:
  m_ObjectHideFlags: 1
  m_PrefabParentObject: {fileID: 0}
  m_PrefabInternal: {fileID: 100100000}
  m_GameObject: {fileID: 125888}
  m_LocalRotation: {x: -0.006833323, y: 0.9938707, z: 0.07540914, w: -0.08054757}
  m_LocalPosition: {x: 0.6775315, y: -0.67134786, z: 0.80632055}
  m_LocalScale: {x: 1, y: 1, z: 1}
  m_Children:
  - {fileID: 446574}
  m_Father: {fileID: 466440}
  m_RootOrder: 0
--- !u!4 &437556
Transform:
  m_ObjectHideFlags: 1
  m_PrefabParentObject: {fileID: 0}
  m_PrefabInternal: {fileID: 100100000}
  m_GameObject: {fileID: 133386}
  m_LocalRotation: {x: 0.11727457, y: 0.00083127775, z: 0.000063830164, w: 0.9930992}
  m_LocalPosition: {x: -0.000000002726587, y: 1.7053025e-15, z: -2.5707226}
  m_LocalScale: {x: 1, y: 1, z: 1}
  m_Children:
  - {fileID: 451146}
  - {fileID: 446004}
  m_Father: {fileID: 422362}
  m_RootOrder: 0
--- !u!4 &437918
Transform:
  m_ObjectHideFlags: 1
  m_PrefabParentObject: {fileID: 0}
  m_PrefabInternal: {fileID: 100100000}
  m_GameObject: {fileID: 101130}
  m_LocalRotation: {x: 0.71167046, y: 0.000000057675614, z: -0.000000024423995, w: 0.70251346}
  m_LocalPosition: {x: -0.00000071061504, y: 0.0000024409374, z: 0.000002444238}
  m_LocalScale: {x: 1, y: 1, z: 1}
  m_Children: []
  m_Father: {fileID: 446002}
  m_RootOrder: 0
--- !u!4 &437936
Transform:
  m_ObjectHideFlags: 1
  m_PrefabParentObject: {fileID: 0}
  m_PrefabInternal: {fileID: 100100000}
  m_GameObject: {fileID: 173050}
  m_LocalRotation: {x: 0.042283963, y: -0.00037441382, z: -0.88785285, w: 0.4581804}
  m_LocalPosition: {x: -0.03, y: -0.01, z: -0.54}
  m_LocalScale: {x: 0.37516117, y: 0.46683884, z: 1.790124}
  m_Children: []
  m_Father: {fileID: 436698}
  m_RootOrder: 1
--- !u!4 &438350
Transform:
  m_ObjectHideFlags: 1
  m_PrefabParentObject: {fileID: 0}
  m_PrefabInternal: {fileID: 100100000}
  m_GameObject: {fileID: 170094}
  m_LocalRotation: {x: -0.48911217, y: 0.82898265, z: 0.15981905, w: -0.21912329}
  m_LocalPosition: {x: 1.1273168, y: -0.3338899, z: 0.3633488}
  m_LocalScale: {x: 1, y: 1, z: 1}
  m_Children:
  - {fileID: 418256}
  m_Father: {fileID: 484486}
  m_RootOrder: 1
--- !u!4 &439248
Transform:
  m_ObjectHideFlags: 1
  m_PrefabParentObject: {fileID: 0}
  m_PrefabInternal: {fileID: 100100000}
  m_GameObject: {fileID: 134328}
  m_LocalRotation: {x: -0.048016846, y: -0.33071184, z: -0.9123407, w: -0.23655549}
  m_LocalPosition: {x: -0.000035583973, y: 0.000045716763, z: -2.5479522}
  m_LocalScale: {x: 1, y: 1, z: 1}
  m_Children: []
  m_Father: {fileID: 498264}
  m_RootOrder: 0
--- !u!4 &439518
Transform:
  m_ObjectHideFlags: 1
  m_PrefabParentObject: {fileID: 0}
  m_PrefabInternal: {fileID: 100100000}
  m_GameObject: {fileID: 175620}
  m_LocalRotation: {x: 0.5517815, y: -0.18011858, z: -0.2484018, w: 0.77549416}
  m_LocalPosition: {x: -2.2737367e-15, y: 2.2737367e-15, z: -0.41116863}
  m_LocalScale: {x: 1, y: 1, z: 1}
  m_Children:
  - {fileID: 440894}
  m_Father: {fileID: 488028}
  m_RootOrder: 0
--- !u!4 &439536
Transform:
  m_ObjectHideFlags: 1
  m_PrefabParentObject: {fileID: 0}
  m_PrefabInternal: {fileID: 100100000}
  m_GameObject: {fileID: 166006}
  m_LocalRotation: {x: 0.0057311216, y: -0.05366538, z: -0.84027225, w: 0.53947175}
  m_LocalPosition: {x: -0.04, y: -0.07, z: -0.79}
  m_LocalScale: {x: 0.48587736, y: 0.43129605, z: 2.069161}
  m_Children: []
  m_Father: {fileID: 430808}
  m_RootOrder: 1
--- !u!4 &440840
Transform:
  m_ObjectHideFlags: 1
  m_PrefabParentObject: {fileID: 0}
  m_PrefabInternal: {fileID: 100100000}
  m_GameObject: {fileID: 108494}
  m_LocalRotation: {x: -0.0164993, y: -0.019981414, z: -0.5879882, w: 0.8084544}
  m_LocalPosition: {x: -0.02, y: 0.05, z: -1.51}
  m_LocalScale: {x: 0.48587766, y: 0.5433075, z: 3.5287905}
  m_Children: []
  m_Father: {fileID: 470054}
  m_RootOrder: 1
--- !u!4 &440894
Transform:
  m_ObjectHideFlags: 1
  m_PrefabParentObject: {fileID: 0}
  m_PrefabInternal: {fileID: 100100000}
  m_GameObject: {fileID: 174812}
  m_LocalRotation: {x: 0.2860304, y: -0.0042617014, z: -0.0006414928, w: 0.9582108}
  m_LocalPosition: {x: 5.9117153e-14, y: 0.023575762, z: -0.4168061}
  m_LocalScale: {x: 1, y: 1, z: 1}
  m_Children:
  - {fileID: 400516}
  m_Father: {fileID: 439518}
  m_RootOrder: 0
--- !u!4 &442790
Transform:
  m_ObjectHideFlags: 1
  m_PrefabParentObject: {fileID: 0}
  m_PrefabInternal: {fileID: 100100000}
  m_GameObject: {fileID: 124270}
  m_LocalRotation: {x: -0.00000005960466, y: 0.7071068, z: -0.7071068, w: -0.00000014901164}
  m_LocalPosition: {x: 0, y: 0, z: 0}
  m_LocalScale: {x: 1, y: 1, z: 1}
  m_Children:
  - {fileID: 466440}
  - {fileID: 22490292}
  - {fileID: 465038}
  m_Father: {fileID: 428290}
  m_RootOrder: 0
--- !u!4 &445604
Transform:
  m_ObjectHideFlags: 1
  m_PrefabParentObject: {fileID: 0}
  m_PrefabInternal: {fileID: 100100000}
  m_GameObject: {fileID: 171246}
  m_LocalRotation: {x: -0.07156265, y: 0.1480609, z: 0.053317104, w: 0.9849437}
  m_LocalPosition: {x: 0.053745806, y: 0.071710125, z: -0.33561778}
  m_LocalScale: {x: 1, y: 1, z: 1}
  m_Children:
  - {fileID: 459348}
  m_Father: {fileID: 492576}
  m_RootOrder: 0
--- !u!4 &445818
Transform:
  m_ObjectHideFlags: 1
  m_PrefabParentObject: {fileID: 0}
  m_PrefabInternal: {fileID: 100100000}
  m_GameObject: {fileID: 103694}
  m_LocalRotation: {x: -0.6426514, y: 0.19350633, z: 0.14028972, w: 0.727924}
  m_LocalPosition: {x: 0.03592708, y: -0.12806897, z: -0.79312485}
  m_LocalScale: {x: 1, y: 1, z: 1}
  m_Children:
  - {fileID: 495016}
  m_Father: {fileID: 446574}
  m_RootOrder: 0
--- !u!4 &446002
Transform:
  m_ObjectHideFlags: 1
  m_PrefabParentObject: {fileID: 0}
  m_PrefabInternal: {fileID: 100100000}
  m_GameObject: {fileID: 132956}
  m_LocalRotation: {x: -0.29631603, y: -0.13282472, z: -0.20989141, w: 0.92222565}
  m_LocalPosition: {x: -1.88, y: -2.6, z: -0}
  m_LocalScale: {x: 10.866568, y: 10.866556, z: 10.866566}
  m_Children:
  - {fileID: 437918}
  m_Father: {fileID: 466440}
  m_RootOrder: 3
--- !u!4 &446004
Transform:
  m_ObjectHideFlags: 1
  m_PrefabParentObject: {fileID: 0}
  m_PrefabInternal: {fileID: 100100000}
  m_GameObject: {fileID: 154706}
  m_LocalRotation: {x: -0.0051845023, y: 0.020035587, z: -0.5833178, w: 0.81198037}
  m_LocalPosition: {x: -0.01, y: -0.03, z: -0.51}
  m_LocalScale: {x: 0.48587742, y: 0.4312962, z: 1.3987724}
  m_Children: []
  m_Father: {fileID: 437556}
  m_RootOrder: 1
--- !u!4 &446574
Transform:
  m_ObjectHideFlags: 1
  m_PrefabParentObject: {fileID: 0}
  m_PrefabInternal: {fileID: 100100000}
  m_GameObject: {fileID: 195488}
  m_LocalRotation: {x: -0.08058018, y: 0.008065471, z: 0.0008701508, w: 0.9967151}
  m_LocalPosition: {x: 0.00876207, y: -0.005896443, z: -1.2027729}
  m_LocalScale: {x: 1, y: 1, z: 1}
  m_Children:
  - {fileID: 445818}
  m_Father: {fileID: 437386}
  m_RootOrder: 0
--- !u!4 &446612
Transform:
  m_ObjectHideFlags: 1
  m_PrefabParentObject: {fileID: 0}
  m_PrefabInternal: {fileID: 100100000}
  m_GameObject: {fileID: 182720}
  m_LocalRotation: {x: -0.008113113, y: -0.011570334, z: -0.92349213, w: 0.38335702}
  m_LocalPosition: {x: 0.2, y: 0.16, z: -1.66}
  m_LocalScale: {x: 0.51398504, y: 0.45761123, z: 3.5692945}
  m_Children: []
  m_Father: {fileID: 497714}
  m_RootOrder: 1
--- !u!4 &448148
Transform:
  m_ObjectHideFlags: 1
  m_PrefabParentObject: {fileID: 0}
  m_PrefabInternal: {fileID: 100100000}
  m_GameObject: {fileID: 123204}
  m_LocalRotation: {x: -0.1292589, y: 0.59158736, z: -0.13718237, w: 0.783899}
  m_LocalPosition: {x: 6.82121e-15, y: -2.2737367e-15, z: -3.7085469}
  m_LocalScale: {x: 1, y: 1, z: 1}
  m_Children:
  - {fileID: 480828}
  - {fileID: 425568}
  m_Father: {fileID: 497714}
  m_RootOrder: 0
--- !u!4 &450156
Transform:
  m_ObjectHideFlags: 1
  m_PrefabParentObject: {fileID: 0}
  m_PrefabInternal: {fileID: 100100000}
  m_GameObject: {fileID: 157110}
  m_LocalRotation: {x: 0.0722075, y: -0.04576881, z: -0.7043775, w: 0.7046586}
  m_LocalPosition: {x: 0.049978644, y: -0.09999454, z: -0.8699837}
  m_LocalScale: {x: 0.6191505, y: 0.46344128, z: 3.9606524}
  m_Children: []
  m_Father: {fileID: 452322}
  m_RootOrder: 1
--- !u!4 &451146
Transform:
  m_ObjectHideFlags: 1
  m_PrefabParentObject: {fileID: 0}
  m_PrefabInternal: {fileID: 100100000}
  m_GameObject: {fileID: 190904}
  m_LocalRotation: {x: -6.938894e-18, y: 1.11466175e-13, z: -4.3368087e-19, w: 1}
  m_LocalPosition: {x: -4.7104985e-13, y: -5.684342e-16, z: -2.1140904}
  m_LocalScale: {x: 1, y: 1, z: 1}
  m_Children: []
  m_Father: {fileID: 437556}
  m_RootOrder: 0
--- !u!4 &451682
Transform:
  m_ObjectHideFlags: 1
  m_PrefabParentObject: {fileID: 0}
  m_PrefabInternal: {fileID: 100100000}
  m_GameObject: {fileID: 173584}
  m_LocalRotation: {x: 0, y: 0, z: 0, w: 1}
  m_LocalPosition: {x: 509.2, y: 541.9032, z: 283.4}
  m_LocalScale: {x: 1, y: 1, z: 1}
  m_Children:
  - {fileID: 489748}
  - {fileID: 484486}
  m_Father: {fileID: 0}
  m_RootOrder: 0
--- !u!4 &451928
Transform:
  m_ObjectHideFlags: 1
  m_PrefabParentObject: {fileID: 0}
  m_PrefabInternal: {fileID: 100100000}
  m_GameObject: {fileID: 161508}
  m_LocalRotation: {x: 0, y: 0, z: 0, w: 1}
  m_LocalPosition: {x: -0.22, y: 0.195, z: -2.04}
  m_LocalScale: {x: 0.51398504, y: 0.45761147, z: 3.5692954}
  m_Children: []
  m_Father: {fileID: 464920}
  m_RootOrder: 1
--- !u!4 &452156
Transform:
  m_ObjectHideFlags: 1
  m_PrefabParentObject: {fileID: 0}
  m_PrefabInternal: {fileID: 100100000}
  m_GameObject: {fileID: 122218}
  m_LocalRotation: {x: 0.026163777, y: 0.004049877, z: -0.0035004031, w: 0.9996434}
  m_LocalPosition: {x: -0.0030976757, y: 0.008430136, z: -0.38100195}
  m_LocalScale: {x: 1, y: 1, z: 1}
  m_Children: []
  m_Father: {fileID: 475140}
  m_RootOrder: 0
--- !u!4 &452322
Transform:
  m_ObjectHideFlags: 1
  m_PrefabParentObject: {fileID: 0}
  m_PrefabInternal: {fileID: 100100000}
  m_GameObject: {fileID: 193812}
  m_LocalRotation: {x: 0.04381172, y: 0.20290242, z: -0.05608431, w: 0.9766093}
  m_LocalPosition: {x: 4.5474734e-15, y: 2.4868995e-15, z: -0.95862615}
  m_LocalScale: {x: 1, y: 1, z: 1}
  m_Children:
  - {fileID: 484564}
  - {fileID: 450156}
  m_Father: {fileID: 414354}
  m_RootOrder: 0
--- !u!4 &453006
Transform:
  m_ObjectHideFlags: 1
  m_PrefabParentObject: {fileID: 0}
  m_PrefabInternal: {fileID: 100100000}
  m_GameObject: {fileID: 123440}
  m_LocalRotation: {x: 0.048976466, y: -0.65105957, z: 0.030843398, w: 0.7568166}
  m_LocalPosition: {x: 1.4949491, y: 0.010752509, z: -1.2326583}
  m_LocalScale: {x: 1, y: 1, z: 1}
  m_Children:
  - {fileID: 436698}
  - {fileID: 406438}
  m_Father: {fileID: 480828}
  m_RootOrder: 0
--- !u!4 &455018
Transform:
  m_ObjectHideFlags: 1
  m_PrefabParentObject: {fileID: 0}
  m_PrefabInternal: {fileID: 100100000}
  m_GameObject: {fileID: 151882}
  m_LocalRotation: {x: 0.6959914, y: 0.00000008653396, z: 0.00000011670338, w: 0.7180501}
  m_LocalPosition: {x: 0.0000045023053, y: 0.000010089852, z: 0.000011199755}
  m_LocalScale: {x: 1, y: 1, z: 1}
  m_Children: []
  m_Father: {fileID: 405276}
  m_RootOrder: 0
--- !u!4 &456994
Transform:
  m_ObjectHideFlags: 1
  m_PrefabParentObject: {fileID: 0}
  m_PrefabInternal: {fileID: 100100000}
  m_GameObject: {fileID: 195544}
  m_LocalRotation: {x: 0.043191392, y: -0.12631577, z: -0.006406572, w: 0.99102867}
  m_LocalPosition: {x: -0.46389273, y: -0.028249929, z: -1.6385418}
  m_LocalScale: {x: 1, y: 1, z: 1}
  m_Children:
  - {fileID: 464920}
  m_Father: {fileID: 418256}
  m_RootOrder: 0
--- !u!4 &458906
Transform:
  m_ObjectHideFlags: 1
  m_PrefabParentObject: {fileID: 0}
  m_PrefabInternal: {fileID: 100100000}
  m_GameObject: {fileID: 167630}
  m_LocalRotation: {x: 0.70356476, y: 0.0000001776914, z: 0.00000014025777, w: 0.7106312}
  m_LocalPosition: {x: 0.000000008336697, y: 0.0000010203082, z: 0.0000009542775}
  m_LocalScale: {x: 1, y: 1, z: 1}
  m_Children: []
  m_Father: {fileID: 498758}
  m_RootOrder: 0
--- !u!4 &459348
Transform:
  m_ObjectHideFlags: 1
  m_PrefabParentObject: {fileID: 0}
  m_PrefabInternal: {fileID: 100100000}
  m_GameObject: {fileID: 117012}
  m_LocalRotation: {x: 0.07937258, y: -0.09663165, z: 0.017538963, w: 0.99199533}
  m_LocalPosition: {x: 0.012878733, y: 0.0131041845, z: -0.9706481}
  m_LocalScale: {x: 1, y: 1, z: 1}
  m_Children:
  - {fileID: 407698}
  m_Father: {fileID: 445604}
  m_RootOrder: 0
--- !u!4 &459716
Transform:
  m_ObjectHideFlags: 1
  m_PrefabParentObject: {fileID: 0}
  m_PrefabInternal: {fileID: 100100000}
  m_GameObject: {fileID: 197878}
  m_LocalRotation: {x: 0.013383921, y: 0.051690202, z: 0.014344028, w: 0.9984705}
  m_LocalPosition: {x: -0.177, y: 0.099, z: -1.206}
  m_LocalScale: {x: 0.61915046, y: 0.4634414, z: 3.1119683}
  m_Children: []
  m_Father: {fileID: 418256}
  m_RootOrder: 1
--- !u!4 &460552
Transform:
  m_ObjectHideFlags: 1
  m_PrefabParentObject: {fileID: 0}
  m_PrefabInternal: {fileID: 100100000}
  m_GameObject: {fileID: 100064}
  m_LocalRotation: {x: -0.052631434, y: -0.45723042, z: 0.053002033, w: 0.88620603}
  m_LocalPosition: {x: -0.8799875, y: -0.09002084, z: -0.9500027}
  m_LocalScale: {x: 2.4958234, y: 0.5191802, z: 0.44797692}
  m_Children: []
  m_Father: {fileID: 480996}
  m_RootOrder: 1
--- !u!4 &464920
Transform:
  m_ObjectHideFlags: 1
  m_PrefabParentObject: {fileID: 0}
  m_PrefabInternal: {fileID: 100100000}
  m_GameObject: {fileID: 120424}
  m_LocalRotation: {x: -0.020870443, y: 0.18356875, z: -0.09604658, w: 0.97808075}
  m_LocalPosition: {x: 0.11746455, y: 0.017063512, z: -0.8946502}
  m_LocalScale: {x: 1, y: 1, z: 1}
  m_Children:
  - {fileID: 480996}
  - {fileID: 451928}
  m_Father: {fileID: 456994}
  m_RootOrder: 0
--- !u!4 &465038
Transform:
  m_ObjectHideFlags: 1
  m_PrefabParentObject: {fileID: 0}
  m_PrefabInternal: {fileID: 100100000}
  m_GameObject: {fileID: 179210}
  m_LocalRotation: {x: 0, y: 0, z: 0, w: 1}
  m_LocalPosition: {x: 0, y: -4.66, z: -0}
  m_LocalScale: {x: 1, y: 1, z: 1}
  m_Children: []
  m_Father: {fileID: 442790}
  m_RootOrder: 2
--- !u!4 &465792
Transform:
  m_ObjectHideFlags: 1
  m_PrefabParentObject: {fileID: 0}
  m_PrefabInternal: {fileID: 100100000}
  m_GameObject: {fileID: 156594}
  m_LocalRotation: {x: -0.07472605, y: -0.0082319705, z: 0.03178851, w: 0.99666333}
  m_LocalPosition: {x: -0.00854619, y: -0.006205203, z: -1.2027729}
  m_LocalScale: {x: 1, y: 1, z: 1}
  m_Children:
  - {fileID: 492576}
  m_Father: {fileID: 492230}
  m_RootOrder: 0
--- !u!4 &466440
Transform:
  m_ObjectHideFlags: 1
  m_PrefabParentObject: {fileID: 0}
  m_PrefabInternal: {fileID: 100100000}
  m_GameObject: {fileID: 101414}
  m_LocalRotation: {x: -0.000000115202326, y: 0.7071067, z: -0.7071068, w: -0.00000011520231}
  m_LocalPosition: {x: 0, y: 0, z: 0}
  m_LocalScale: {x: 1, y: 1, z: 1}
  m_Children:
  - {fileID: 437386}
  - {fileID: 492230}
  - {fileID: 498758}
  - {fileID: 446002}
  - {fileID: 405276}
  - {fileID: 405134}
  m_Father: {fileID: 442790}
  m_RootOrder: 0
--- !u!4 &467194
Transform:
  m_ObjectHideFlags: 1
  m_PrefabParentObject: {fileID: 0}
  m_PrefabInternal: {fileID: 100100000}
  m_GameObject: {fileID: 130496}
  m_LocalRotation: {x: 0.0018619512, y: 0.9675143, z: -0.25265184, w: 0.008929472}
  m_LocalPosition: {x: 1.4210854e-16, y: 0.3235929, z: 0.67655784}
  m_LocalScale: {x: 1, y: 1, z: 1}
  m_Children:
  - {fileID: 412306}
  - {fileID: 476052}
  m_Father: {fileID: 484486}
  m_RootOrder: 0
--- !u!4 &468274
Transform:
  m_ObjectHideFlags: 1
  m_PrefabParentObject: {fileID: 0}
  m_PrefabInternal: {fileID: 100100000}
  m_GameObject: {fileID: 154980}
  m_LocalRotation: {x: -0.000000115202326, y: 0.7071067, z: -0.7071068, w: -0.00000011520231}
  m_LocalPosition: {x: 0, y: 0, z: 100}
  m_LocalScale: {x: 1, y: 100, z: 1}
  m_Children: []
  m_Father: {fileID: 405134}
  m_RootOrder: 0
--- !u!4 &468456
Transform:
  m_ObjectHideFlags: 1
  m_PrefabParentObject: {fileID: 0}
  m_PrefabInternal: {fileID: 100100000}
  m_GameObject: {fileID: 100248}
  m_LocalRotation: {x: -0.0055712853, y: 0.009717727, z: -0.0041607893, w: 0.9999286}
  m_LocalPosition: {x: -1.4210854e-15, y: -4.5474734e-15, z: -2.5479794}
  m_LocalScale: {x: 1, y: 1, z: 1}
  m_Children: []
  m_Father: {fileID: 430808}
  m_RootOrder: 0
--- !u!4 &470054
Transform:
  m_ObjectHideFlags: 1
  m_PrefabParentObject: {fileID: 0}
  m_PrefabInternal: {fileID: 100100000}
  m_GameObject: {fileID: 178172}
  m_LocalRotation: {x: -0.132027, y: 4.298845e-18, z: 5.7257587e-19, w: 0.9912461}
  m_LocalPosition: {x: 8.881784e-18, y: 2.2737367e-15, z: -1.0803341}
  m_LocalScale: {x: 1, y: 1, z: 1}
  m_Children:
  - {fileID: 415292}
  - {fileID: 440840}
  m_Father: {fileID: 412306}
  m_RootOrder: 0
--- !u!4 &471664
Transform:
  m_ObjectHideFlags: 1
  m_PrefabParentObject: {fileID: 0}
  m_PrefabInternal: {fileID: 100100000}
  m_GameObject: {fileID: 188130}
  m_LocalRotation: {x: -0.24764551, y: -0.3378754, z: -0.90327466, w: 0.09277273}
  m_LocalPosition: {x: 0.63, y: -0.02, z: -0.75}
  m_LocalScale: {x: 1.9283748, y: 0.485023, z: 0.3676724}
  m_Children: []
  m_Father: {fileID: 480828}
  m_RootOrder: 1
--- !u!4 &474232
Transform:
  m_ObjectHideFlags: 1
  m_PrefabParentObject: {fileID: 0}
  m_PrefabInternal: {fileID: 100100000}
  m_GameObject: {fileID: 157008}
  m_LocalRotation: {x: 0.032666188, y: 0.013268706, z: -0.009087366, w: 0.99933696}
  m_LocalPosition: {x: -0, y: -3.410605e-15, z: -1.5934756}
  m_LocalScale: {x: 1, y: 1, z: 1}
  m_Children:
  - {fileID: 498264}
  - {fileID: 415406}
  m_Father: {fileID: 435336}
  m_RootOrder: 0
--- !u!4 &475140
Transform:
  m_ObjectHideFlags: 1
  m_PrefabParentObject: {fileID: 0}
  m_PrefabInternal: {fileID: 100100000}
  m_GameObject: {fileID: 135478}
  m_LocalRotation: {x: 0.03168065, y: -0.013643186, z: -0.064294614, w: 0.99733466}
  m_LocalPosition: {x: 0.003876066, y: 0.02325495, z: -0.4168061}
  m_LocalScale: {x: 1, y: 1, z: 1}
  m_Children:
  - {fileID: 452156}
  m_Father: {fileID: 407698}
  m_RootOrder: 0
--- !u!4 &475198
Transform:
  m_ObjectHideFlags: 1
  m_PrefabParentObject: {fileID: 0}
  m_PrefabInternal: {fileID: 100100000}
  m_GameObject: {fileID: 151372}
  m_LocalRotation: {x: 0.04815376, y: -0.03484673, z: -0.055076096, w: 0.9967114}
  m_LocalPosition: {x: 0.04, y: -0, z: -0.14}
  m_LocalScale: {x: 0.41316825, y: 0.45717418, z: 1.8764625}
  m_Children: []
  m_Father: {fileID: 435336}
  m_RootOrder: 1
--- !u!4 &476052
Transform:
  m_ObjectHideFlags: 1
  m_PrefabParentObject: {fileID: 0}
  m_PrefabInternal: {fileID: 100100000}
  m_GameObject: {fileID: 168092}
  m_LocalRotation: {x: 0.018994743, y: 0.014297504, z: -0.5936433, w: 0.8043771}
  m_LocalPosition: {x: 0.05, y: -0.15, z: -2.64}
  m_LocalScale: {x: 0.6285601, y: 0.5433077, z: 4.37146}
  m_Children: []
  m_Father: {fileID: 467194}
  m_RootOrder: 1
--- !u!4 &476250
Transform:
  m_ObjectHideFlags: 1
  m_PrefabParentObject: {fileID: 0}
  m_PrefabInternal: {fileID: 100100000}
  m_GameObject: {fileID: 173684}
  m_LocalRotation: {x: 0.024243275, y: 0.009660837, z: -0.58824825, w: 0.80825925}
  m_LocalPosition: {x: 0.02, y: -0, z: -1.11}
  m_LocalScale: {x: 0.4858778, y: 0.5433076, z: 2.9607134}
  m_Children: []
  m_Father: {fileID: 415292}
  m_RootOrder: 1
--- !u!4 &480828
Transform:
  m_ObjectHideFlags: 1
  m_PrefabParentObject: {fileID: 0}
  m_PrefabInternal: {fileID: 100100000}
  m_GameObject: {fileID: 119894}
  m_LocalRotation: {x: 0.018545093, y: 0.24273778, z: 0.10693279, w: 0.964002}
  m_LocalPosition: {x: 1.5447619, y: 0.18438265, z: -1.7880408}
  m_LocalScale: {x: 1, y: 1, z: 1}
  m_Children:
  - {fileID: 453006}
  - {fileID: 471664}
  m_Father: {fileID: 448148}
  m_RootOrder: 0
--- !u!4 &480996
Transform:
  m_ObjectHideFlags: 1
  m_PrefabParentObject: {fileID: 0}
  m_PrefabInternal: {fileID: 100100000}
  m_GameObject: {fileID: 114398}
  m_LocalRotation: {x: -0.109011985, y: -0.62845165, z: -0.0839873, w: 0.7655789}
  m_LocalPosition: {x: 5.684342e-16, y: 1.7053025e-15, z: -3.7085469}
  m_LocalScale: {x: 1, y: 1, z: 1}
  m_Children:
  - {fileID: 491846}
  - {fileID: 460552}
  m_Father: {fileID: 464920}
  m_RootOrder: 0
--- !u!4 &484486
Transform:
  m_ObjectHideFlags: 1
  m_PrefabParentObject: {fileID: 0}
  m_PrefabInternal: {fileID: 100100000}
  m_GameObject: {fileID: 143434}
  m_LocalRotation: {x: -1.570195e-17, y: 0.82360137, z: -0.5671691, w: 8.516013e-17}
  m_LocalPosition: {x: -0.19841316, y: 15.389314, z: 0.3133238}
  m_LocalScale: {x: 1, y: 1, z: 1}
  m_Children:
  - {fileID: 467194}
  - {fileID: 438350}
  - {fileID: 414354}
  - {fileID: 428290}
  m_Father: {fileID: 451682}
  m_RootOrder: 1
--- !u!4 &484564
Transform:
  m_ObjectHideFlags: 1
  m_PrefabParentObject: {fileID: 0}
  m_PrefabInternal: {fileID: 100100000}
  m_GameObject: {fileID: 182570}
  m_LocalRotation: {x: 0.02919129, y: 0.08343045, z: 0.06553692, w: 0.99392766}
  m_LocalPosition: {x: 0.46425578, y: 0.021472828, z: -1.6385418}
  m_LocalScale: {x: 1, y: 1, z: 1}
  m_Children:
  - {fileID: 497714}
  m_Father: {fileID: 452322}
  m_RootOrder: 0
--- !u!4 &486784
Transform:
  m_ObjectHideFlags: 1
  m_PrefabParentObject: {fileID: 0}
  m_PrefabInternal: {fileID: 100100000}
  m_GameObject: {fileID: 161334}
  m_LocalRotation: {x: -0.0130896075, y: 0.014270708, z: -0.58343375, w: 0.8119298}
  m_LocalPosition: {x: 0.04, y: -0.01, z: -1.27}
  m_LocalScale: {x: 0.48587775, y: 0.4312965, z: 2.9607131}
  m_Children: []
  m_Father: {fileID: 422362}
  m_RootOrder: 1
--- !u!4 &488028
Transform:
  m_ObjectHideFlags: 1
  m_PrefabParentObject: {fileID: 0}
  m_PrefabInternal: {fileID: 100100000}
  m_GameObject: {fileID: 112624}
  m_LocalRotation: {x: 0.09922075, y: -0.07639288, z: 0.0065898546, w: 0.99210685}
  m_LocalPosition: {x: 0.012365651, y: 0.013589412, z: -0.9706481}
  m_LocalScale: {x: 1, y: 1, z: 1}
  m_Children:
  - {fileID: 439518}
  m_Father: {fileID: 495016}
  m_RootOrder: 0
--- !u!4 &489748
Transform:
  m_ObjectHideFlags: 1
  m_PrefabParentObject: {fileID: 0}
  m_PrefabInternal: {fileID: 100100000}
  m_GameObject: {fileID: 191224}
  m_LocalRotation: {x: 0, y: 0, z: 0, w: 1}
  m_LocalPosition: {x: 0, y: 0, z: 0}
  m_LocalScale: {x: 1, y: 1, z: 1}
  m_Children: []
  m_Father: {fileID: 451682}
  m_RootOrder: 0
--- !u!4 &491846
Transform:
  m_ObjectHideFlags: 1
  m_PrefabParentObject: {fileID: 0}
  m_PrefabInternal: {fileID: 100100000}
  m_GameObject: {fileID: 108698}
  m_LocalRotation: {x: 0.040390782, y: -0.2696373, z: 0.072205335, w: 0.95940125}
  m_LocalPosition: {x: -1.5327743, y: -0.2662508, z: -1.7880408}
  m_LocalScale: {x: 1, y: 1, z: 1}
  m_Children:
  - {fileID: 435336}
  - {fileID: 418286}
  m_Father: {fileID: 480996}
  m_RootOrder: 0
--- !u!4 &492230
Transform:
  m_ObjectHideFlags: 1
  m_PrefabParentObject: {fileID: 0}
  m_PrefabInternal: {fileID: 100100000}
  m_GameObject: {fileID: 168580}
  m_LocalRotation: {x: -0.014529457, y: 0.99741954, z: -0.00095293357, w: 0.07030147}
  m_LocalPosition: {x: -0.6775315, y: -0.67134786, z: 0.80632055}
  m_LocalScale: {x: 1, y: 1, z: 1}
  m_Children:
  - {fileID: 465792}
  m_Father: {fileID: 466440}
  m_RootOrder: 1
--- !u!4 &492576
Transform:
  m_ObjectHideFlags: 1
  m_PrefabParentObject: {fileID: 0}
  m_PrefabInternal: {fileID: 100100000}
  m_GameObject: {fileID: 127872}
  m_LocalRotation: {x: -0.6125272, y: 0.23900951, z: 0.32343048, w: 0.68049806}
  m_LocalPosition: {x: -0.039754152, y: -0.12693314, z: -0.79312485}
  m_LocalScale: {x: 1, y: 1, z: 1}
  m_Children:
  - {fileID: 445604}
  m_Father: {fileID: 465792}
  m_RootOrder: 0
--- !u!4 &495016
Transform:
  m_ObjectHideFlags: 1
  m_PrefabParentObject: {fileID: 0}
  m_PrefabInternal: {fileID: 100100000}
  m_GameObject: {fileID: 131520}
  m_LocalRotation: {x: -0.17119117, y: 0.055235885, z: 0.050761096, w: 0.9823777}
  m_LocalPosition: {x: 0.054858163, y: 0.0708628, z: -0.33561778}
  m_LocalScale: {x: 1, y: 1, z: 1}
  m_Children:
  - {fileID: 488028}
  m_Father: {fileID: 445818}
  m_RootOrder: 0
--- !u!4 &497714
Transform:
  m_ObjectHideFlags: 1
  m_PrefabParentObject: {fileID: 0}
  m_PrefabInternal: {fileID: 100100000}
  m_GameObject: {fileID: 196810}
  m_LocalRotation: {x: -0.22015183, y: -0.051820803, z: 0.2506165, w: 0.9412965}
  m_LocalPosition: {x: -0.11735972, y: 0.017770192, z: -0.8946502}
  m_LocalScale: {x: 1, y: 1, z: 1}
  m_Children:
  - {fileID: 448148}
  - {fileID: 446612}
  m_Father: {fileID: 484564}
  m_RootOrder: 0
--- !u!4 &498264
Transform:
  m_ObjectHideFlags: 1
  m_PrefabParentObject: {fileID: 0}
  m_PrefabInternal: {fileID: 100100000}
  m_GameObject: {fileID: 135640}
  m_LocalRotation: {x: 0.13245781, y: 0.08764826, z: 0.01948487, w: 0.98711354}
  m_LocalPosition: {x: -0.024074642, y: -0.112010516, z: -1.5926751}
  m_LocalScale: {x: 1, y: 1, z: 1}
  m_Children:
  - {fileID: 439248}
  - {fileID: 432956}
  m_Father: {fileID: 474232}
  m_RootOrder: 0
--- !u!4 &498758
Transform:
  m_ObjectHideFlags: 1
  m_PrefabParentObject: {fileID: 0}
  m_PrefabInternal: {fileID: 100100000}
  m_GameObject: {fileID: 151500}
  m_LocalRotation: {x: -0.25815722, y: -0.000000027056036, z: 0.00000001943104, w: 0.96610296}
  m_LocalPosition: {x: 0, y: -1.72, z: 0.44}
  m_LocalScale: {x: 10.86655, y: 10.8665495, z: 10.8665495}
  m_Children:
  - {fileID: 458906}
  m_Father: {fileID: 466440}
  m_RootOrder: 2
--- !u!23 &2315474
MeshRenderer:
  m_ObjectHideFlags: 1
  m_PrefabParentObject: {fileID: 0}
  m_PrefabInternal: {fileID: 100100000}
  m_GameObject: {fileID: 132956}
  m_Enabled: 1
  m_CastShadows: 0
  m_ReceiveShadows: 0
  m_Materials:
  - {fileID: 2100000, guid: f2a2e9867211f984dba7d79ba974a45c, type: 2}
  m_SubsetIndices: 
  m_StaticBatchRoot: {fileID: 0}
  m_UseLightProbes: 1
  m_ReflectionProbeUsage: 1
  m_ProbeAnchor: {fileID: 0}
  m_ScaleInLightmap: 1
  m_PreserveUVs: 0
  m_IgnoreNormalsForChartDetection: 0
  m_ImportantGI: 0
  m_MinimumChartSize: 4
  m_AutoUVMaxDistance: 0.5
  m_AutoUVMaxAngle: 89
  m_LightmapParameters: {fileID: 0}
  m_SortingLayerID: 0
  m_SortingOrder: 0
--- !u!23 &2335038
MeshRenderer:
  m_ObjectHideFlags: 1
  m_PrefabParentObject: {fileID: 0}
  m_PrefabInternal: {fileID: 100100000}
  m_GameObject: {fileID: 165290}
  m_Enabled: 1
  m_CastShadows: 0
  m_ReceiveShadows: 0
  m_Materials:
  - {fileID: 2100000, guid: f2a2e9867211f984dba7d79ba974a45c, type: 2}
  m_SubsetIndices: 
  m_StaticBatchRoot: {fileID: 0}
  m_UseLightProbes: 1
  m_ReflectionProbeUsage: 1
  m_ProbeAnchor: {fileID: 0}
  m_ScaleInLightmap: 1
  m_PreserveUVs: 0
  m_IgnoreNormalsForChartDetection: 0
  m_ImportantGI: 0
  m_MinimumChartSize: 4
  m_AutoUVMaxDistance: 0.5
  m_AutoUVMaxAngle: 89
  m_LightmapParameters: {fileID: 0}
  m_SortingLayerID: 0
  m_SortingOrder: 0
--- !u!23 &2348844
MeshRenderer:
  m_ObjectHideFlags: 1
  m_PrefabParentObject: {fileID: 0}
  m_PrefabInternal: {fileID: 100100000}
  m_GameObject: {fileID: 151500}
  m_Enabled: 1
  m_CastShadows: 0
  m_ReceiveShadows: 0
  m_Materials:
  - {fileID: 2100000, guid: f2a2e9867211f984dba7d79ba974a45c, type: 2}
  m_SubsetIndices: 
  m_StaticBatchRoot: {fileID: 0}
  m_UseLightProbes: 1
  m_ReflectionProbeUsage: 1
  m_ProbeAnchor: {fileID: 0}
  m_ScaleInLightmap: 1
  m_PreserveUVs: 0
  m_IgnoreNormalsForChartDetection: 0
  m_ImportantGI: 0
  m_MinimumChartSize: 4
  m_AutoUVMaxDistance: 0.5
  m_AutoUVMaxAngle: 89
  m_LightmapParameters: {fileID: 0}
  m_SortingLayerID: 0
  m_SortingOrder: 0
--- !u!33 &3309910
MeshFilter:
  m_ObjectHideFlags: 1
  m_PrefabParentObject: {fileID: 0}
  m_PrefabInternal: {fileID: 100100000}
  m_GameObject: {fileID: 151500}
  m_Mesh: {fileID: 4300000, guid: 62d980481208b5c43a72de8062cb62fe, type: 3}
--- !u!33 &3311782
MeshFilter:
  m_ObjectHideFlags: 1
  m_PrefabParentObject: {fileID: 0}
  m_PrefabInternal: {fileID: 100100000}
  m_GameObject: {fileID: 157110}
  m_Mesh: {fileID: 10202, guid: 0000000000000000e000000000000000, type: 0}
--- !u!33 &3321814
MeshFilter:
  m_ObjectHideFlags: 1
  m_PrefabParentObject: {fileID: 0}
  m_PrefabInternal: {fileID: 100100000}
  m_GameObject: {fileID: 161334}
  m_Mesh: {fileID: 10202, guid: 0000000000000000e000000000000000, type: 0}
--- !u!33 &3330158
MeshFilter:
  m_ObjectHideFlags: 1
  m_PrefabParentObject: {fileID: 0}
  m_PrefabInternal: {fileID: 100100000}
  m_GameObject: {fileID: 100064}
  m_Mesh: {fileID: 10202, guid: 0000000000000000e000000000000000, type: 0}
--- !u!33 &3331908
MeshFilter:
  m_ObjectHideFlags: 1
  m_PrefabParentObject: {fileID: 0}
  m_PrefabInternal: {fileID: 100100000}
  m_GameObject: {fileID: 161508}
  m_Mesh: {fileID: 10202, guid: 0000000000000000e000000000000000, type: 0}
--- !u!33 &3334918
MeshFilter:
  m_ObjectHideFlags: 1
  m_PrefabParentObject: {fileID: 0}
  m_PrefabInternal: {fileID: 100100000}
  m_GameObject: {fileID: 173050}
  m_Mesh: {fileID: 10202, guid: 0000000000000000e000000000000000, type: 0}
--- !u!33 &3335916
MeshFilter:
  m_ObjectHideFlags: 1
  m_PrefabParentObject: {fileID: 0}
  m_PrefabInternal: {fileID: 100100000}
  m_GameObject: {fileID: 150182}
  m_Mesh: {fileID: 10202, guid: 0000000000000000e000000000000000, type: 0}
--- !u!33 &3336670
MeshFilter:
  m_ObjectHideFlags: 1
  m_PrefabParentObject: {fileID: 0}
  m_PrefabInternal: {fileID: 100100000}
  m_GameObject: {fileID: 173684}
  m_Mesh: {fileID: 10202, guid: 0000000000000000e000000000000000, type: 0}
--- !u!33 &3342056
MeshFilter:
  m_ObjectHideFlags: 1
  m_PrefabParentObject: {fileID: 0}
  m_PrefabInternal: {fileID: 100100000}
  m_GameObject: {fileID: 151372}
  m_Mesh: {fileID: 10202, guid: 0000000000000000e000000000000000, type: 0}
--- !u!33 &3343842
MeshFilter:
  m_ObjectHideFlags: 1
  m_PrefabParentObject: {fileID: 0}
  m_PrefabInternal: {fileID: 100100000}
  m_GameObject: {fileID: 182720}
  m_Mesh: {fileID: 10202, guid: 0000000000000000e000000000000000, type: 0}
--- !u!33 &3346100
MeshFilter:
  m_ObjectHideFlags: 1
  m_PrefabParentObject: {fileID: 0}
  m_PrefabInternal: {fileID: 100100000}
  m_GameObject: {fileID: 197878}
  m_Mesh: {fileID: 10202, guid: 0000000000000000e000000000000000, type: 0}
--- !u!33 &3350784
MeshFilter:
  m_ObjectHideFlags: 1
  m_PrefabParentObject: {fileID: 0}
  m_PrefabInternal: {fileID: 100100000}
  m_GameObject: {fileID: 154706}
  m_Mesh: {fileID: 10202, guid: 0000000000000000e000000000000000, type: 0}
--- !u!33 &3351648
MeshFilter:
  m_ObjectHideFlags: 1
  m_PrefabParentObject: {fileID: 0}
  m_PrefabInternal: {fileID: 100100000}
  m_GameObject: {fileID: 168092}
  m_Mesh: {fileID: 10202, guid: 0000000000000000e000000000000000, type: 0}
--- !u!33 &3353802
MeshFilter:
  m_ObjectHideFlags: 1
  m_PrefabParentObject: {fileID: 0}
  m_PrefabInternal: {fileID: 100100000}
  m_GameObject: {fileID: 107176}
  m_Mesh: {fileID: 10202, guid: 0000000000000000e000000000000000, type: 0}
--- !u!33 &3356320
MeshFilter:
  m_ObjectHideFlags: 1
  m_PrefabParentObject: {fileID: 0}
  m_PrefabInternal: {fileID: 100100000}
  m_GameObject: {fileID: 165290}
  m_Mesh: {fileID: 4300000, guid: 62d980481208b5c43a72de8062cb62fe, type: 3}
--- !u!33 &3359296
MeshFilter:
  m_ObjectHideFlags: 1
  m_PrefabParentObject: {fileID: 0}
  m_PrefabInternal: {fileID: 100100000}
  m_GameObject: {fileID: 140324}
  m_Mesh: {fileID: 10202, guid: 0000000000000000e000000000000000, type: 0}
--- !u!33 &3369274
MeshFilter:
  m_ObjectHideFlags: 1
  m_PrefabParentObject: {fileID: 0}
  m_PrefabInternal: {fileID: 100100000}
  m_GameObject: {fileID: 158678}
  m_Mesh: {fileID: 10202, guid: 0000000000000000e000000000000000, type: 0}
--- !u!33 &3370576
MeshFilter:
  m_ObjectHideFlags: 1
  m_PrefabParentObject: {fileID: 0}
  m_PrefabInternal: {fileID: 100100000}
  m_GameObject: {fileID: 154980}
  m_Mesh: {fileID: 10206, guid: 0000000000000000e000000000000000, type: 0}
--- !u!33 &3371930
MeshFilter:
  m_ObjectHideFlags: 1
  m_PrefabParentObject: {fileID: 0}
  m_PrefabInternal: {fileID: 100100000}
  m_GameObject: {fileID: 108494}
  m_Mesh: {fileID: 10202, guid: 0000000000000000e000000000000000, type: 0}
--- !u!33 &3372126
MeshFilter:
  m_ObjectHideFlags: 1
  m_PrefabParentObject: {fileID: 0}
  m_PrefabInternal: {fileID: 100100000}
  m_GameObject: {fileID: 166006}
  m_Mesh: {fileID: 10202, guid: 0000000000000000e000000000000000, type: 0}
--- !u!33 &3375428
MeshFilter:
  m_ObjectHideFlags: 1
  m_PrefabParentObject: {fileID: 0}
  m_PrefabInternal: {fileID: 100100000}
  m_GameObject: {fileID: 132956}
  m_Mesh: {fileID: 4300000, guid: 62d980481208b5c43a72de8062cb62fe, type: 3}
--- !u!33 &3387654
MeshFilter:
  m_ObjectHideFlags: 1
  m_PrefabParentObject: {fileID: 0}
  m_PrefabInternal: {fileID: 100100000}
  m_GameObject: {fileID: 188130}
  m_Mesh: {fileID: 10202, guid: 0000000000000000e000000000000000, type: 0}
--- !u!33 &3395764
MeshFilter:
  m_ObjectHideFlags: 1
  m_PrefabParentObject: {fileID: 0}
  m_PrefabInternal: {fileID: 100100000}
  m_GameObject: {fileID: 176334}
  m_Mesh: {fileID: 10202, guid: 0000000000000000e000000000000000, type: 0}
--- !u!54 &5406478
Rigidbody:
  m_ObjectHideFlags: 1
  m_PrefabParentObject: {fileID: 0}
  m_PrefabInternal: {fileID: 100100000}
  m_GameObject: {fileID: 154980}
  serializedVersion: 2
  m_Mass: 1
  m_Drag: 0
  m_AngularDrag: 0
  m_UseGravity: 0
  m_IsKinematic: 1
  m_Interpolate: 0
  m_Constraints: 0
  m_CollisionDetection: 0
--- !u!54 &5409020
Rigidbody:
  m_ObjectHideFlags: 1
  m_PrefabParentObject: {fileID: 0}
  m_PrefabInternal: {fileID: 100100000}
  m_GameObject: {fileID: 124270}
  serializedVersion: 2
  m_Mass: 1
  m_Drag: 0
  m_AngularDrag: 0
  m_UseGravity: 0
  m_IsKinematic: 1
  m_Interpolate: 0
  m_Constraints: 0
  m_CollisionDetection: 0
--- !u!54 &5488192
Rigidbody:
  m_ObjectHideFlags: 1
  m_PrefabParentObject: {fileID: 0}
  m_PrefabInternal: {fileID: 100100000}
  m_GameObject: {fileID: 173584}
  serializedVersion: 2
  m_Mass: 1
  m_Drag: 0
  m_AngularDrag: 0
  m_UseGravity: 1
  m_IsKinematic: 0
  m_Interpolate: 0
  m_Constraints: 112
  m_CollisionDetection: 0
--- !u!65 &6503106
BoxCollider:
  m_ObjectHideFlags: 1
  m_PrefabParentObject: {fileID: 0}
  m_PrefabInternal: {fileID: 100100000}
  m_GameObject: {fileID: 154706}
  m_Material: {fileID: 0}
  m_IsTrigger: 0
  m_Enabled: 1
  serializedVersion: 2
  m_Size: {x: 1, y: 1, z: 1}
  m_Center: {x: 0, y: 0, z: 0}
--- !u!65 &6506882
BoxCollider:
  m_ObjectHideFlags: 1
  m_PrefabParentObject: {fileID: 0}
  m_PrefabInternal: {fileID: 100100000}
  m_GameObject: {fileID: 166006}
  m_Material: {fileID: 0}
  m_IsTrigger: 0
  m_Enabled: 1
  serializedVersion: 2
  m_Size: {x: 1, y: 1, z: 1}
  m_Center: {x: 0, y: 0, z: 0}
--- !u!65 &6511186
BoxCollider:
  m_ObjectHideFlags: 1
  m_PrefabParentObject: {fileID: 0}
  m_PrefabInternal: {fileID: 100100000}
  m_GameObject: {fileID: 161334}
  m_Material: {fileID: 0}
  m_IsTrigger: 0
  m_Enabled: 1
  serializedVersion: 2
  m_Size: {x: 1, y: 1, z: 1}
  m_Center: {x: 0, y: 0, z: 0}
--- !u!65 &6512542
BoxCollider:
  m_ObjectHideFlags: 1
  m_PrefabParentObject: {fileID: 0}
  m_PrefabInternal: {fileID: 100100000}
  m_GameObject: {fileID: 182720}
  m_Material: {fileID: 0}
  m_IsTrigger: 0
  m_Enabled: 1
  serializedVersion: 2
  m_Size: {x: 1, y: 1, z: 1}
  m_Center: {x: 0, y: 0, z: 0}
--- !u!65 &6516078
BoxCollider:
  m_ObjectHideFlags: 1
  m_PrefabParentObject: {fileID: 0}
  m_PrefabInternal: {fileID: 100100000}
  m_GameObject: {fileID: 154980}
  m_Material: {fileID: 0}
  m_IsTrigger: 1
  m_Enabled: 0
  serializedVersion: 2
  m_Size: {x: 1.0000229, y: 1.9999995, z: 1.0000182}
  m_Center: {x: -0.00036615133, y: 0.0000019073486, z: 0.00006094575}
--- !u!65 &6526064
BoxCollider:
  m_ObjectHideFlags: 1
  m_PrefabParentObject: {fileID: 0}
  m_PrefabInternal: {fileID: 100100000}
  m_GameObject: {fileID: 188130}
  m_Material: {fileID: 0}
  m_IsTrigger: 0
  m_Enabled: 1
  serializedVersion: 2
  m_Size: {x: 1, y: 1, z: 1}
  m_Center: {x: 0, y: 0, z: 0}
--- !u!65 &6541104
BoxCollider:
  m_ObjectHideFlags: 1
  m_PrefabParentObject: {fileID: 0}
  m_PrefabInternal: {fileID: 100100000}
  m_GameObject: {fileID: 173050}
  m_Material: {fileID: 0}
  m_IsTrigger: 0
  m_Enabled: 1
  serializedVersion: 2
  m_Size: {x: 1, y: 1, z: 1}
  m_Center: {x: 0, y: 0, z: 0}
--- !u!65 &6547824
BoxCollider:
  m_ObjectHideFlags: 1
  m_PrefabParentObject: {fileID: 0}
  m_PrefabInternal: {fileID: 100100000}
  m_GameObject: {fileID: 157110}
  m_Material: {fileID: 0}
  m_IsTrigger: 0
  m_Enabled: 1
  serializedVersion: 2
  m_Size: {x: 1, y: 1, z: 1}
  m_Center: {x: 0, y: 0, z: 0}
--- !u!65 &6547874
BoxCollider:
  m_ObjectHideFlags: 1
  m_PrefabParentObject: {fileID: 0}
  m_PrefabInternal: {fileID: 100100000}
  m_GameObject: {fileID: 100064}
  m_Material: {fileID: 0}
  m_IsTrigger: 0
  m_Enabled: 1
  serializedVersion: 2
  m_Size: {x: 1, y: 1, z: 1}
  m_Center: {x: 0, y: 0, z: 0}
--- !u!65 &6558108
BoxCollider:
  m_ObjectHideFlags: 1
  m_PrefabParentObject: {fileID: 0}
  m_PrefabInternal: {fileID: 100100000}
  m_GameObject: {fileID: 151372}
  m_Material: {fileID: 0}
  m_IsTrigger: 0
  m_Enabled: 1
  serializedVersion: 2
  m_Size: {x: 1, y: 1, z: 1}
  m_Center: {x: 0, y: 0, z: 0}
--- !u!65 &6563970
BoxCollider:
  m_ObjectHideFlags: 1
  m_PrefabParentObject: {fileID: 0}
  m_PrefabInternal: {fileID: 100100000}
  m_GameObject: {fileID: 176334}
  m_Material: {fileID: 0}
  m_IsTrigger: 0
  m_Enabled: 1
  serializedVersion: 2
  m_Size: {x: 1, y: 1, z: 1}
  m_Center: {x: 0, y: 0, z: 0}
--- !u!65 &6565588
BoxCollider:
  m_ObjectHideFlags: 1
  m_PrefabParentObject: {fileID: 0}
  m_PrefabInternal: {fileID: 100100000}
  m_GameObject: {fileID: 107176}
  m_Material: {fileID: 0}
  m_IsTrigger: 0
  m_Enabled: 1
  serializedVersion: 2
  m_Size: {x: 1, y: 1, z: 1}
  m_Center: {x: 0, y: 0, z: 0}
--- !u!65 &6571078
BoxCollider:
  m_ObjectHideFlags: 1
  m_PrefabParentObject: {fileID: 0}
  m_PrefabInternal: {fileID: 100100000}
  m_GameObject: {fileID: 108494}
  m_Material: {fileID: 0}
  m_IsTrigger: 0
  m_Enabled: 1
  serializedVersion: 2
  m_Size: {x: 1, y: 1, z: 1}
  m_Center: {x: 0, y: 0, z: 0}
--- !u!65 &6572820
BoxCollider:
  m_ObjectHideFlags: 1
  m_PrefabParentObject: {fileID: 0}
  m_PrefabInternal: {fileID: 100100000}
  m_GameObject: {fileID: 168092}
  m_Material: {fileID: 0}
  m_IsTrigger: 0
  m_Enabled: 1
  serializedVersion: 2
  m_Size: {x: 1, y: 1, z: 1}
  m_Center: {x: 0, y: 0, z: 0}
--- !u!65 &6577866
BoxCollider:
  m_ObjectHideFlags: 1
  m_PrefabParentObject: {fileID: 0}
  m_PrefabInternal: {fileID: 100100000}
  m_GameObject: {fileID: 173684}
  m_Material: {fileID: 0}
  m_IsTrigger: 0
  m_Enabled: 1
  serializedVersion: 2
  m_Size: {x: 1, y: 1, z: 1}
  m_Center: {x: 0, y: 0, z: 0}
--- !u!65 &6579542
BoxCollider:
  m_ObjectHideFlags: 1
  m_PrefabParentObject: {fileID: 0}
  m_PrefabInternal: {fileID: 100100000}
  m_GameObject: {fileID: 150182}
  m_Material: {fileID: 0}
  m_IsTrigger: 0
  m_Enabled: 1
  serializedVersion: 2
  m_Size: {x: 1, y: 1, z: 1}
  m_Center: {x: 0, y: 0, z: 0}
--- !u!65 &6583828
BoxCollider:
  m_ObjectHideFlags: 1
  m_PrefabParentObject: {fileID: 0}
  m_PrefabInternal: {fileID: 100100000}
  m_GameObject: {fileID: 158678}
  m_Material: {fileID: 0}
  m_IsTrigger: 0
  m_Enabled: 1
  serializedVersion: 2
  m_Size: {x: 1, y: 1, z: 1}
  m_Center: {x: 0, y: 0, z: 0}
--- !u!65 &6585012
BoxCollider:
  m_ObjectHideFlags: 1
  m_PrefabParentObject: {fileID: 0}
  m_PrefabInternal: {fileID: 100100000}
  m_GameObject: {fileID: 161508}
  m_Material: {fileID: 0}
  m_IsTrigger: 0
  m_Enabled: 1
  serializedVersion: 2
  m_Size: {x: 1, y: 1, z: 1}
  m_Center: {x: 0, y: 0, z: 0}
--- !u!65 &6590450
BoxCollider:
  m_ObjectHideFlags: 1
  m_PrefabParentObject: {fileID: 0}
  m_PrefabInternal: {fileID: 100100000}
  m_GameObject: {fileID: 140324}
  m_Material: {fileID: 0}
  m_IsTrigger: 0
  m_Enabled: 1
  serializedVersion: 2
  m_Size: {x: 1, y: 1, z: 1}
  m_Center: {x: 0, y: 0, z: 0}
--- !u!65 &6593124
BoxCollider:
  m_ObjectHideFlags: 1
  m_PrefabParentObject: {fileID: 0}
  m_PrefabInternal: {fileID: 100100000}
  m_GameObject: {fileID: 197878}
  m_Material: {fileID: 0}
  m_IsTrigger: 0
  m_Enabled: 1
  serializedVersion: 2
  m_Size: {x: 1, y: 1, z: 1}
  m_Center: {x: 0, y: 0, z: 0}
--- !u!82 &8249890
AudioSource:
  m_ObjectHideFlags: 1
  m_PrefabParentObject: {fileID: 0}
  m_PrefabInternal: {fileID: 100100000}
  m_GameObject: {fileID: 173584}
  m_Enabled: 1
  serializedVersion: 4
  OutputAudioMixerGroup: {fileID: 0}
  m_audioClip: {fileID: 0}
  m_PlayOnAwake: 0
  m_Volume: 1
  m_Pitch: 1
  Loop: 0
  Mute: 0
  Spatialize: 0
  Priority: 128
  DopplerLevel: 1
  MinDistance: 1
  MaxDistance: 500
  Pan2D: 0
  rolloffMode: 0
  BypassEffects: 0
  BypassListenerEffects: 0
  BypassReverbZones: 0
  rolloffCustomCurve:
    serializedVersion: 2
    m_Curve:
    - time: 0
      value: 1
      inSlope: 0
      outSlope: 0
      tangentMode: 0
    - time: 1
      value: 0
      inSlope: 0
      outSlope: 0
      tangentMode: 0
    m_PreInfinity: 2
    m_PostInfinity: 2
    m_RotationOrder: 4
  panLevelCustomCurve:
    serializedVersion: 2
    m_Curve:
    - time: 0
      value: 0.476
      inSlope: 0
      outSlope: 0
      tangentMode: 0
    m_PreInfinity: 2
    m_PostInfinity: 2
    m_RotationOrder: 0
  spreadCustomCurve:
    serializedVersion: 2
    m_Curve:
    - time: 0
      value: 0
      inSlope: 0
      outSlope: 0
      tangentMode: 0
    m_PreInfinity: 2
    m_PostInfinity: 2
    m_RotationOrder: 4
  reverbZoneMixCustomCurve:
    serializedVersion: 2
    m_Curve:
    - time: 0
      value: 1
      inSlope: 0
      outSlope: 0
      tangentMode: 0
    m_PreInfinity: 2
    m_PostInfinity: 2
    m_RotationOrder: 0
--- !u!95 &9547774
Animator:
  serializedVersion: 3
  m_ObjectHideFlags: 1
  m_PrefabParentObject: {fileID: 0}
  m_PrefabInternal: {fileID: 100100000}
  m_GameObject: {fileID: 173584}
  m_Enabled: 1
  m_Avatar: {fileID: 9000000, guid: 26f2fbab3df6dec48ad8af134ef3a59a, type: 3}
  m_Controller: {fileID: 9100000, guid: c8fcf0e6ef0fbab40a8999f152e88cca, type: 2}
  m_CullingMode: 0
  m_UpdateMode: 0
  m_ApplyRootMotion: 0
  m_LinearVelocityBlending: 0
  m_WarningMessage: 
  m_HasTransformHierarchy: 1
  m_AllowConstantClipSamplingOptimization: 1
--- !u!108 &10805250
Light:
  m_ObjectHideFlags: 1
  m_PrefabParentObject: {fileID: 0}
  m_PrefabInternal: {fileID: 100100000}
  m_GameObject: {fileID: 151882}
  m_Enabled: 1
  serializedVersion: 6
  m_Type: 0
  m_Color: {r: 0.42647058, g: 0.9762677, b: 1, a: 1}
  m_Intensity: 4.34
  m_Range: 25.28
  m_SpotAngle: 12
  m_CookieSize: 10
  m_Shadows:
    m_Type: 0
    m_Resolution: -1
    m_Strength: 1
    m_Bias: 0.05
    m_NormalBias: 0.4
    m_NearPlane: 0.2
  m_Cookie: {fileID: 0}
  m_DrawHalo: 0
  m_Flare: {fileID: 0}
  m_RenderMode: 0
  m_CullingMask:
    serializedVersion: 2
    m_Bits: 4294967295
  m_Lightmapping: 4
  m_BounceIntensity: 1
  m_ShadowRadius: 0
  m_ShadowAngle: 0
  m_AreaSize: {x: 1, y: 1}
--- !u!108 &10875416
Light:
  m_ObjectHideFlags: 1
  m_PrefabParentObject: {fileID: 0}
  m_PrefabInternal: {fileID: 100100000}
  m_GameObject: {fileID: 101130}
  m_Enabled: 1
  serializedVersion: 6
  m_Type: 0
  m_Color: {r: 0.42647058, g: 0.9762677, b: 1, a: 1}
  m_Intensity: 4.34
  m_Range: 25.28
  m_SpotAngle: 13
  m_CookieSize: 10
  m_Shadows:
    m_Type: 0
    m_Resolution: -1
    m_Strength: 1
    m_Bias: 0.05
    m_NormalBias: 0.4
    m_NearPlane: 0.2
  m_Cookie: {fileID: 0}
  m_DrawHalo: 0
  m_Flare: {fileID: 0}
  m_RenderMode: 0
  m_CullingMask:
    serializedVersion: 2
    m_Bits: 4294967295
  m_Lightmapping: 4
  m_BounceIntensity: 1
  m_ShadowRadius: 0
  m_ShadowAngle: 0
  m_AreaSize: {x: 1, y: 1}
--- !u!108 &10877278
Light:
  m_ObjectHideFlags: 1
  m_PrefabParentObject: {fileID: 0}
  m_PrefabInternal: {fileID: 100100000}
  m_GameObject: {fileID: 167630}
  m_Enabled: 1
  serializedVersion: 6
  m_Type: 0
  m_Color: {r: 0.42647058, g: 0.9762677, b: 1, a: 1}
  m_Intensity: 4.34
  m_Range: 25.28
  m_SpotAngle: 18
  m_CookieSize: 10
  m_Shadows:
    m_Type: 0
    m_Resolution: -1
    m_Strength: 1
    m_Bias: 0.05
    m_NormalBias: 0.4
    m_NearPlane: 0.2
  m_Cookie: {fileID: 0}
  m_DrawHalo: 0
  m_Flare: {fileID: 0}
  m_RenderMode: 0
  m_CullingMask:
    serializedVersion: 2
    m_Bits: 4294967295
  m_Lightmapping: 4
  m_BounceIntensity: 1
  m_ShadowRadius: 0
  m_ShadowAngle: 0
  m_AreaSize: {x: 1, y: 1}
--- !u!114 &11402478
MonoBehaviour:
  m_ObjectHideFlags: 1
  m_PrefabParentObject: {fileID: 0}
  m_PrefabInternal: {fileID: 100100000}
  m_GameObject: {fileID: 124270}
  m_Enabled: 1
  m_EditorHideFlags: 0
  m_Script: {fileID: 11500000, guid: abd8e12d206338c4d8aed6684a52e72c, type: 3}
  m_Name: 
  m_EditorClassIdentifier: 
  followDelay: 0.05
  hasDelay: 1
--- !u!114 &11407790
MonoBehaviour:
  m_ObjectHideFlags: 1
  m_PrefabParentObject: {fileID: 0}
  m_PrefabInternal: {fileID: 100100000}
  m_GameObject: {fileID: 154980}
  m_Enabled: 1
  m_EditorHideFlags: 0
  m_Script: {fileID: 11500000, guid: 936ed5e522d4cad4db65ee45be8ca3e2, type: 3}
  m_Name: 
  m_EditorClassIdentifier: 
  is_big: 1
--- !u!114 &11408942
MonoBehaviour:
  m_ObjectHideFlags: 1
  m_PrefabParentObject: {fileID: 0}
  m_PrefabInternal: {fileID: 100100000}
  m_GameObject: {fileID: 196882}
  m_Enabled: 1
  m_EditorHideFlags: 0
  m_Script: {fileID: 1980459831, guid: f5f67c52d1564df4a8936ccd202a3bd8, type: 3}
  m_Name: 
  m_EditorClassIdentifier: 
  m_UiScaleMode: 0
  m_ReferencePixelsPerUnit: 100
  m_ScaleFactor: 1
  m_ReferenceResolution: {x: 800, y: 600}
  m_ScreenMatchMode: 0
  m_MatchWidthOrHeight: 0
  m_PhysicalUnit: 3
  m_FallbackScreenDPI: 96
  m_DefaultSpriteDPI: 96
  m_DynamicPixelsPerUnit: 1
--- !u!114 &11414762
MonoBehaviour:
  m_ObjectHideFlags: 1
  m_PrefabParentObject: {fileID: 0}
  m_PrefabInternal: {fileID: 100100000}
  m_GameObject: {fileID: 179210}
  m_Enabled: 1
  m_EditorHideFlags: 0
  m_Script: {fileID: 11500000, guid: abd8e12d206338c4d8aed6684a52e72c, type: 3}
  m_Name: 
  m_EditorClassIdentifier: 
  followDelay: 0.015
  hasDelay: 0
--- !u!114 &11427010
MonoBehaviour:
  m_ObjectHideFlags: 1
  m_PrefabParentObject: {fileID: 0}
  m_PrefabInternal: {fileID: 100100000}
  m_GameObject: {fileID: 196882}
  m_Enabled: 1
  m_EditorHideFlags: 0
  m_Script: {fileID: 11500000, guid: 905f492e636ca6746a751fbdd2a116f8, type: 3}
  m_Name: 
  m_EditorClassIdentifier: 
  followDelay: 0.015
  hasDelay: 0
--- !u!114 &11429672
MonoBehaviour:
  m_ObjectHideFlags: 1
  m_PrefabParentObject: {fileID: 0}
  m_PrefabInternal: {fileID: 100100000}
  m_GameObject: {fileID: 124270}
  m_Enabled: 1
  m_EditorHideFlags: 0
  m_Script: {fileID: 11500000, guid: 2212390f0fe6db54aa75a9031711e25b, type: 3}
  m_Name: 
  m_EditorClassIdentifier: 
  enemyType: 4
  enemy: {fileID: 0}
  health_type1: 0
  health_type2: 0
  health_type3: 0
  health_type4: 170
  health_type5: 0
  maxHealth: 0
  currentHealth: 0
  slider: {fileID: 11477824}
--- !u!114 &11443980
MonoBehaviour:
  m_ObjectHideFlags: 1
  m_PrefabParentObject: {fileID: 0}
  m_PrefabInternal: {fileID: 100100000}
  m_GameObject: {fileID: 191180}
  m_Enabled: 1
  m_EditorHideFlags: 0
  m_Script: {fileID: -765806418, guid: f5f67c52d1564df4a8936ccd202a3bd8, type: 3}
  m_Name: 
  m_EditorClassIdentifier: 
  m_Material: {fileID: 0}
  m_Color: {r: 1, g: 1, b: 1, a: 1}
  m_RaycastTarget: 0
  m_OnCullStateChanged:
    m_PersistentCalls:
      m_Calls: []
    m_TypeName: UnityEngine.UI.MaskableGraphic+CullStateChangedEvent, UnityEngine.UI,
      Version=1.0.0.0, Culture=neutral, PublicKeyToken=null
  m_Sprite: {fileID: 21300000, guid: 644610f092cfd9447985bc3342c7b538, type: 3}
  m_Type: 3
  m_PreserveAspect: 0
  m_FillCenter: 1
  m_FillMethod: 0
  m_FillAmount: 1
  m_FillClockwise: 1
  m_FillOrigin: 0
--- !u!114 &11455578
MonoBehaviour:
  m_ObjectHideFlags: 1
  m_PrefabParentObject: {fileID: 0}
  m_PrefabInternal: {fileID: 100100000}
  m_GameObject: {fileID: 187348}
  m_Enabled: 1
  m_EditorHideFlags: 0
  m_Script: {fileID: -765806418, guid: f5f67c52d1564df4a8936ccd202a3bd8, type: 3}
  m_Name: 
  m_EditorClassIdentifier: 
  m_Material: {fileID: 0}
  m_Color: {r: 0, g: 0, b: 0, a: 1}
  m_RaycastTarget: 0
  m_OnCullStateChanged:
    m_PersistentCalls:
      m_Calls: []
    m_TypeName: UnityEngine.UI.MaskableGraphic+CullStateChangedEvent, UnityEngine.UI,
      Version=1.0.0.0, Culture=neutral, PublicKeyToken=null
  m_Sprite: {fileID: 21300000, guid: 729619a9b7637a54ca6c88d7ed67b8c4, type: 3}
  m_Type: 0
  m_PreserveAspect: 0
  m_FillCenter: 1
  m_FillMethod: 4
  m_FillAmount: 1
  m_FillClockwise: 1
  m_FillOrigin: 0
--- !u!114 &11462740
MonoBehaviour:
  m_ObjectHideFlags: 1
  m_PrefabParentObject: {fileID: 0}
  m_PrefabInternal: {fileID: 100100000}
  m_GameObject: {fileID: 196882}
  m_Enabled: 1
  m_EditorHideFlags: 0
  m_Script: {fileID: 1301386320, guid: f5f67c52d1564df4a8936ccd202a3bd8, type: 3}
  m_Name: 
  m_EditorClassIdentifier: 
  m_IgnoreReversedGraphics: 1
  m_BlockingObjects: 0
  m_BlockingMask:
    serializedVersion: 2
    m_Bits: 4294967295
--- !u!114 &11464466
MonoBehaviour:
  m_ObjectHideFlags: 1
  m_PrefabParentObject: {fileID: 0}
  m_PrefabInternal: {fileID: 100100000}
  m_GameObject: {fileID: 173584}
  m_Enabled: 1
  m_EditorHideFlags: 0
  m_Script: {fileID: 11500000, guid: dac94037b490fff488f9f6a92a3b74fe, type: 3}
  m_Name: 
  m_EditorClassIdentifier: 
  audioClip:
  - {fileID: 8300000, guid: 2b143f617cfe8f743aed71857eb5ba77, type: 3}
  - {fileID: 8300000, guid: 64e4156df6796bc418ba9f23d2be066c, type: 3}
  - {fileID: 8300000, guid: 2281f0ae5c6883942b15a142f128684d, type: 3}
--- !u!114 &11464634
MonoBehaviour:
  m_ObjectHideFlags: 1
  m_PrefabParentObject: {fileID: 0}
  m_PrefabInternal: {fileID: 100100000}
  m_GameObject: {fileID: 179210}
  m_Enabled: 1
  m_EditorHideFlags: 0
  m_Script: {fileID: 11500000, guid: d1d69d08fb4e7ba44854f73eb82c8ff0, type: 3}
  m_Name: 
  m_EditorClassIdentifier: 
  sawPlayer: 0
--- !u!114 &11472906
MonoBehaviour:
  m_ObjectHideFlags: 1
  m_PrefabParentObject: {fileID: 0}
  m_PrefabInternal: {fileID: 100100000}
  m_GameObject: {fileID: 173584}
  m_Enabled: 1
  m_EditorHideFlags: 0
  m_Script: {fileID: 11500000, guid: 7398b1627ac388f4bada3c87a875a026, type: 3}
  m_Name: 
  m_EditorClassIdentifier: 
  health: {fileID: 11429672}
  dmgLine: {fileID: 11407790}
  spawnpoint: {fileID: 134362}
  wave: {fileID: 163602, guid: 2e71c373747c637418583232129f9bae, type: 2}
  bullet_laser: {fileID: 100006, guid: 18e6997b0cea7f249bf0e687ba9da449, type: 2}
  lookAtMe: {fileID: 11402478}
  track: {fileID: 11464634}
  chase_distance: 150
  random_distance: 45
  move_speed: 10
  dmgLine_amount: 200
  dmgLine_force: 0
  dmgLine_forceUp: 5
  dmgLine_isBig: 1
--- !u!114 &11477824
MonoBehaviour:
  m_ObjectHideFlags: 1
  m_PrefabParentObject: {fileID: 0}
  m_PrefabInternal: {fileID: 100100000}
  m_GameObject: {fileID: 107278}
  m_Enabled: 1
  m_EditorHideFlags: 0
  m_Script: {fileID: -113659843, guid: f5f67c52d1564df4a8936ccd202a3bd8, type: 3}
  m_Name: 
  m_EditorClassIdentifier: 
  m_Navigation:
    m_Mode: 3
    m_SelectOnUp: {fileID: 0}
    m_SelectOnDown: {fileID: 0}
    m_SelectOnLeft: {fileID: 0}
    m_SelectOnRight: {fileID: 0}
  m_Transition: 0
  m_Colors:
    m_NormalColor: {r: 1, g: 1, b: 1, a: 1}
    m_HighlightedColor: {r: 0.9607843, g: 0.9607843, b: 0.9607843, a: 1}
    m_PressedColor: {r: 0.78431374, g: 0.78431374, b: 0.78431374, a: 1}
    m_DisabledColor: {r: 0.78431374, g: 0.78431374, b: 0.78431374, a: 0.5019608}
    m_ColorMultiplier: 1
    m_FadeDuration: 0.1
  m_SpriteState:
    m_HighlightedSprite: {fileID: 0}
    m_PressedSprite: {fileID: 0}
    m_DisabledSprite: {fileID: 0}
  m_AnimationTriggers:
    m_NormalTrigger: Normal
    m_HighlightedTrigger: Highlighted
    m_PressedTrigger: Pressed
    m_DisabledTrigger: Disabled
  m_Interactable: 0
  m_TargetGraphic: {fileID: 0}
  m_FillRect: {fileID: 22476386}
  m_HandleRect: {fileID: 0}
  m_Direction: 0
  m_MinValue: 0
  m_MaxValue: 1
  m_WholeNumbers: 0
  m_Value: 1
  m_OnValueChanged:
    m_PersistentCalls:
      m_Calls: []
    m_TypeName: UnityEngine.UI.Slider+SliderEvent, UnityEngine.UI, Version=1.0.0.0,
      Culture=neutral, PublicKeyToken=null
--- !u!114 &11498014
MonoBehaviour:
  m_ObjectHideFlags: 1
  m_PrefabParentObject: {fileID: 0}
  m_PrefabInternal: {fileID: 100100000}
  m_GameObject: {fileID: 173584}
  m_Enabled: 1
  m_EditorHideFlags: 0
  m_Script: {fileID: 11500000, guid: 5efe3bc5e3edb3e42b0a9a45eec91b94, type: 3}
  m_Name: 
  m_EditorClassIdentifier: 
  BeamColor: {r: 1, g: 0.32352942, b: 0.32352942, a: 0.591}
  AnimationSpd: 0.5
  Scale: 2
  MaxLength: 150
  bEnd: 0
  bGero: 1
--- !u!135 &13588074
SphereCollider:
  m_ObjectHideFlags: 1
  m_PrefabParentObject: {fileID: 0}
  m_PrefabInternal: {fileID: 100100000}
  m_GameObject: {fileID: 124270}
  m_Material: {fileID: 0}
  m_IsTrigger: 0
  m_Enabled: 1
  serializedVersion: 2
  m_Radius: 3.45
  m_Center: {x: 0, y: 0.39, z: -1.31}
--- !u!137 &13708684
SkinnedMeshRenderer:
  m_ObjectHideFlags: 1
  m_PrefabParentObject: {fileID: 0}
  m_PrefabInternal: {fileID: 100100000}
  m_GameObject: {fileID: 191224}
  m_Enabled: 1
  m_CastShadows: 1
  m_ReceiveShadows: 1
  m_Materials:
  - {fileID: 2100000, guid: 57cd3cbfa632fd548aa5f752b812cd78, type: 2}
  m_SubsetIndices: 
  m_StaticBatchRoot: {fileID: 0}
  m_UseLightProbes: 1
  m_ReflectionProbeUsage: 1
  m_ProbeAnchor: {fileID: 0}
  m_ScaleInLightmap: 1
  m_PreserveUVs: 0
  m_IgnoreNormalsForChartDetection: 0
  m_ImportantGI: 0
  m_MinimumChartSize: 4
  m_AutoUVMaxDistance: 0.5
  m_AutoUVMaxAngle: 89
  m_LightmapParameters: {fileID: 0}
  m_SortingLayerID: 0
  m_SortingOrder: 0
  serializedVersion: 2
  m_Quality: 0
  m_UpdateWhenOffscreen: 0
  m_Mesh: {fileID: 4300000, guid: 26f2fbab3df6dec48ad8af134ef3a59a, type: 3}
  m_Bones:
  - {fileID: 484486}
  - {fileID: 438350}
  - {fileID: 418256}
  - {fileID: 456994}
  - {fileID: 464920}
  - {fileID: 480996}
  - {fileID: 491846}
  - {fileID: 435336}
  - {fileID: 474232}
  - {fileID: 498264}
  - {fileID: 439248}
  - {fileID: 414354}
  - {fileID: 452322}
  - {fileID: 484564}
  - {fileID: 497714}
  - {fileID: 448148}
  - {fileID: 480828}
  - {fileID: 453006}
  - {fileID: 436698}
  - {fileID: 430808}
  - {fileID: 468456}
  - {fileID: 467194}
  - {fileID: 412306}
  - {fileID: 470054}
  - {fileID: 415292}
  - {fileID: 422362}
  - {fileID: 437556}
  - {fileID: 451146}
  - {fileID: 428290}
  - {fileID: 466440}
  - {fileID: 437386}
  - {fileID: 446574}
  - {fileID: 445818}
  - {fileID: 495016}
  - {fileID: 488028}
  - {fileID: 439518}
  - {fileID: 440894}
  - {fileID: 400516}
  - {fileID: 492230}
  - {fileID: 465792}
  - {fileID: 492576}
  - {fileID: 445604}
  - {fileID: 459348}
  - {fileID: 407698}
  - {fileID: 475140}
  - {fileID: 452156}
  m_BlendShapeWeights: []
  m_RootBone: {fileID: 484486}
  m_AABB:
    m_Center: {x: -0.76797676, y: -2.9152799, z: 5.5837393}
    m_Extent: {x: 5.9150023, y: 7.5327563, z: 10.639823}
  m_DirtyAABB: 0
--- !u!222 &22223956
CanvasRenderer:
  m_ObjectHideFlags: 1
  m_PrefabParentObject: {fileID: 0}
  m_PrefabInternal: {fileID: 100100000}
  m_GameObject: {fileID: 191180}
--- !u!222 &22281142
CanvasRenderer:
  m_ObjectHideFlags: 1
  m_PrefabParentObject: {fileID: 0}
  m_PrefabInternal: {fileID: 100100000}
  m_GameObject: {fileID: 187348}
--- !u!223 &22353128
Canvas:
  m_ObjectHideFlags: 1
  m_PrefabParentObject: {fileID: 0}
  m_PrefabInternal: {fileID: 100100000}
  m_GameObject: {fileID: 196882}
  m_Enabled: 1
  serializedVersion: 2
  m_RenderMode: 2
  m_Camera: {fileID: 0}
  m_PlaneDistance: 100
  m_PixelPerfect: 0
  m_ReceivesEvents: 1
  m_OverrideSorting: 0
  m_OverridePixelPerfect: 0
  m_SortingBucketNormalizedSize: 0
  m_SortingLayerID: 0
  m_SortingOrder: 0
  m_TargetDisplay: 0
--- !u!224 &22424278
RectTransform:
  m_ObjectHideFlags: 1
  m_PrefabParentObject: {fileID: 0}
  m_PrefabInternal: {fileID: 100100000}
  m_GameObject: {fileID: 187348}
  m_LocalRotation: {x: 0, y: 0, z: 0, w: 1}
  m_LocalPosition: {x: 0, y: 0, z: 0}
  m_LocalScale: {x: 1, y: 1, z: 1}
  m_Children: []
  m_Father: {fileID: 22443512}
  m_RootOrder: 0
  m_AnchorMin: {x: 0, y: 0}
  m_AnchorMax: {x: 1, y: 1}
  m_AnchoredPosition: {x: 0, y: 0}
  m_SizeDelta: {x: 0, y: 0}
  m_Pivot: {x: 0.5, y: 0.5}
--- !u!224 &22443512
RectTransform:
  m_ObjectHideFlags: 1
  m_PrefabParentObject: {fileID: 0}
  m_PrefabInternal: {fileID: 100100000}
  m_GameObject: {fileID: 107278}
  m_LocalRotation: {x: 0, y: 1, z: 0, w: -0.00000016292068}
  m_LocalPosition: {x: 0, y: 0, z: 0}
  m_LocalScale: {x: 1, y: 1, z: 1}
  m_Children:
  - {fileID: 22424278}
  - {fileID: 22470142}
  m_Father: {fileID: 22490292}
  m_RootOrder: 0
  m_AnchorMin: {x: 0, y: 0}
  m_AnchorMax: {x: 1, y: 1}
  m_AnchoredPosition: {x: -0.000000014901161, y: 0}
  m_SizeDelta: {x: 0, y: 0}
  m_Pivot: {x: 0.5, y: 0.5}
--- !u!224 &22470142
RectTransform:
  m_ObjectHideFlags: 1
  m_PrefabParentObject: {fileID: 0}
  m_PrefabInternal: {fileID: 100100000}
  m_GameObject: {fileID: 184948}
  m_LocalRotation: {x: 0, y: 0, z: 0, w: 1}
  m_LocalPosition: {x: 0, y: 0, z: 0.002}
  m_LocalScale: {x: 1, y: 1, z: 1}
  m_Children:
  - {fileID: 22476386}
  m_Father: {fileID: 22443512}
  m_RootOrder: 1
  m_AnchorMin: {x: 0.022000002, y: 0.07654491}
  m_AnchorMax: {x: 0.975, y: 0.7865402}
  m_AnchoredPosition: {x: 0.0015709279, y: 0.009458989}
  m_SizeDelta: {x: 0.0031601582, y: -0.0012295097}
  m_Pivot: {x: 0.5, y: 0.5}
--- !u!224 &22476386
RectTransform:
  m_ObjectHideFlags: 1
  m_PrefabParentObject: {fileID: 0}
  m_PrefabInternal: {fileID: 100100000}
  m_GameObject: {fileID: 191180}
  m_LocalRotation: {x: 0, y: 0, z: 0, w: 1}
  m_LocalPosition: {x: 0, y: 0, z: -0.0000016292068}
  m_LocalScale: {x: 1, y: 1, z: 1}
  m_Children: []
  m_Father: {fileID: 22470142}
  m_RootOrder: 0
  m_AnchorMin: {x: 0, y: 0}
  m_AnchorMax: {x: 0, y: 0}
  m_AnchoredPosition: {x: 0, y: 0}
  m_SizeDelta: {x: 0, y: 0}
  m_Pivot: {x: 0.5, y: 0.5}
--- !u!224 &22490292
RectTransform:
  m_ObjectHideFlags: 1
  m_PrefabParentObject: {fileID: 0}
  m_PrefabInternal: {fileID: 100100000}
  m_GameObject: {fileID: 196882}
  m_LocalRotation: {x: -0.00000017782439, y: -1, z: 0.00000020023569, w: -0.00000006342815}
  m_LocalPosition: {x: 0, y: 0, z: 2.4699428}
  m_LocalScale: {x: 2.0615294, y: 2.0615294, z: 2.0615296}
  m_Children:
  - {fileID: 22443512}
  m_Father: {fileID: 442790}
  m_RootOrder: 1
  m_AnchorMin: {x: 0.5, y: 0.5}
  m_AnchorMax: {x: 0.5, y: 0.5}
  m_AnchoredPosition: {x: -0.000002364628, y: 2.5700514}
  m_SizeDelta: {x: 2.98, y: 0.25}
  m_Pivot: {x: 0.5, y: 0.5}
--- !u!1001 &100100000
Prefab:
  m_ObjectHideFlags: 1
  serializedVersion: 2
  m_Modification:
    m_TransformParent: {fileID: 0}
    m_Modifications: []
    m_RemovedComponents: []
  m_ParentPrefab: {fileID: 0}
  m_RootGameObject: {fileID: 173584}
  m_IsPrefabParent: 1
